2768 3500
907 90 971 198 m53-47
918 323 1881 405 If thesc H A made one poems period,
895 431 1983 522 And ell combined i beautye worthiness,
918 525 2207 624 Yet shovll there hover in their rostless heads
912 659 2304 749 me thoueht, one grace, one wonder, at the lleast,
912 752 1974 840 Mich into worde no virtue can digest.
901 869 2304 968 Lovely as the words are! They break the eurrent, e
1560 761 2502 918 reusres ne mis otides me fonts e plr a
886 982 2333 1070 The soct'has separated himself, from the breath ex th
1035 930 1373 1003 4 le sheuk M
904 1090 2111 1172 eudience. Etmkerarakannxhat Me cannot as yet
1467 1047 2216 1120 d Mottin, beantson. en etpente.
910 1198 2490 1292 mekre use of his charactres; he takes leave of thep when na
907 1315 2534 1397 epcokes thus. The auduwnaar play is syall partly the work of
2000 1257 2397 1344 Fu Mrs Jlons 4
892 1405 2499 1505 the undifferentaited audience. Et is insored by th- conmon
898 1534 2595 1630 voice, demanding great names; great decds and simple outlines
898 1633 1895 1720 not the single suntely one one soul
1936 1604 2315 1717 Ite has ent
918 1697 2272 1825 proptred tre cctan 20 hhas Mans en ran mgttin
930 1782 2056 1939 Chpropicatez Le len et en lui t 29.
