2768 3500
966 89 1042 157 16
966 206 2563 299 their omn drab lives. The t ing that the writer has to say
962 311 2592 404 becomes increasingly cumbered. It is only to be discovered
958 421 2585 511 in a flash of recongition-- Thus some say that their beards
957 526 2482 626 bristle "hen they hxamnxk coke upon it; others that a
958 635 2559 736 thrill runs down the nerves of the thigh. To disengage the
955 746 2608 840 song from the effect of the audience becomes as time goes on
951 851 2448 950 a tasle for the critic-- that specially equipped taster
949 970 2526 1067 ho Was not yet in existence when the " aery Queen emerged
945 1073 1731 1162 from the deeps of anonymity.
1139 1028 1320 1085 depths
1303 1191 2386 1279 hose depths, latx those long years of
943 1296 2546 1396 anonymous mins trelsy, fode song, legend and words that had
941 1411 2565 1497 no name attached to them, lay behind him. Re vas conscious
1602 1363 2538 1440 Pheir confusion pressed upon him.
939 1512 2235 1610 of them. WFor why a Gods name " he exclaimed "
953 1621 2485 1722 "mncay not ve, as else the Grecks, have the lingdom of our
937 1734 2423 1823 0Nn language.... " ? He was vord conscious; an artist;
931 1839 2505 1944 aare of his mediu; that vords are not paint, nor music;
931 1948 2532 2049 but have their possibilities; their limtations. To be thus
927 2061 2552 2156 amare the writ must have a past behind him. To Spenser the
925 2166 2421 2255 golden age was Calucers. "Dan Chaucer, well of English
922 2273 2417 2366 undefiled..." He trusted that " the infusion sweet
918 2387 2355 2479 Of thine own xmrkk~ spirit which doth in me survive"
920 2490 2522 2593 might help him. Ee looks back to ~ahucer; he descneds from
918 2599 2546 2706 Chaucer. 1t was Chaucer who gave him the standdard by which
920 2714 2386 2807 to measure his omn wor s. But where the modern writer
914 2821 2515 2914 atta ks the actul work of some one of the generation that
960 2940 2377 3031 has just gone, maling that book th starting p oint
910 3045 2353 3132 in another direction, Spensers revolt vas against no
910 3140 2456 3235 per ticualr vriter-- who vas there writing English except
