2768 3500
1423 71 1495 140 1
1591 62 1999 141 24tn Nov. 1940
1268 178 1435 246 Anon.
1099 280 1571 355 0218000èaeannn8
1069 392 2445 468 1 r màny centuries aft Britain became an island'
947 503 2357 583 th historian says , "the untamed forest was king.
937 620 2559 696 On the metted boughs of that forest inmumerable birds sang;
962 721 2517 801 bu t their song vas only heard by a few skin clad hunters
943 832 2408 911 in the clearings. Did the desire to sing come to one
941 939 2489 1011 of those savages because he heard the birds sing? bid-ne
939 1050 2567 1118 rest his stone axe against a tree for a moment? The tree
939 1170 2569 1238 Was felled; some sort of hut wa made from its branches, and
945 1265 2462 1347 then by degrees, the clearing became larger; the birds
941 1374 2489 1460 femer; and the muman voice sans instead. The first songs
941 1485 2515 1569 are out of door songs; spring songs; summer songs; winter
943 1594 2246 1674 songs. for there mas no comfort indoor , little
943 1699 1542 1775 1ight and no books. —
968 1802 2624 1895 The eye therefore vas mumk more active in the first simxax
1021 1925 2472 2000 singers than in ourselves. And some parts of dnglab
992 2028 2598 2113 can still be seen as they sam it. Now and then by choosing
941 2142 2398 2216 a view carefully to shut out a chimney or a bungalwo,
988 2253 2587 2337 ve can still see a flat fen, reed whispering, vaterlogged;
939 2360 2460 2432 or a domn, covered w still vith turf only, And-over the
937 2471 2499 2560 domn 1ies a green scar, along which the travellers came,
939 2584 2390 2665 6ith the pack horses, dressed in vool , not in skins,
937 2691 2067 2782 istory of naland by G. M. ~revelyan p.3
