2751 3500
342 126 2200 229 en henuly atone. Ita hhen he nauystile anly Hanea, arly Varton,
307 213 2089 316 ee bould uot fintente uoeds le vas he loso Meech was son
344 283 2155 425 maprenebla: naach was Ir pahases mn eskenv. Very They
357 363 2108 497 Mandho. hival e prucuere fis prenten pren Can make
352 441 2147 575 Jui ards day echert is reen hein Musce, a pannhiiy nere
359 495 2175 659 tra, Gestuy thris premon 10o Spleren Lall peld t hu
387 591 2108 752 Carlinerten Jte Olha aud. Alenéi malles he ad roys
389 665 2107 830 prrely he poat to Eolato echat can he vuny. Mirasty
441 717 2321 915 ⁋al Ce ment tile chrond tho noe ae ger aMo hanes
369 911 643 999 le remple
389 900 1887 1100 Een tike ne panten ele merlen, Ue wrler is tafeord t
404 1009 1908 1193 in namesata. onbhuis, in apprperalo, crrelevent
410 1083 2190 1258 Eetiatonher. shy not erlte ne herteg e zoeen naverle.
410 1199 1595 1333 br te hpe e rome Noman lmperoi
437 1215 2361 1436 Cosschment wer patren schy ret take hant, en hue jost g pr
445 1308 2190 1520 lvenb Aud advin te oal zite dazem: shen uet
1865 1365 2340 1471 Vire s hé
426 1450 1747 1621 breven paaplater hatereen, wcalut
451 1466 2301 1716 peen, uady h alept arlhy. And a tue pablie belvns
455 1565 2169 1806 mere Cresard, ar Jan is felled enti vendon à pillous
468 1637 2266 1899 lie replaa tops, Me perviée aods ilj modahon t tha
480 1890 772 1975 wieter—
935 1753 2017 1917 is an injuuipin, Actine minded,
463 1827 2212 2070 Lablee, a it oon despalis ta torilir, taker hold
466 2086 663 2179 Anon
739 2022 1033 2121 2 muke
1068 1928 1992 2088 hiin en to he familier voie,
1661 2002 2110 2117 Enly a feio
492 2057 1612 2253 witie n hech tatks en eely nitgent.
490 2253 694 2354 Kap to
729 2125 1881 2308 Mo ald Cent way: a still peyet in
486 2156 2289 2448 Guiig le vordy a tootnin maliny mous ente woiks 9 cunt.
486 2415 817 2555 e arter
