2773 3500
912 243 2428 303 meditayions. The vast accumulations , of lear ing, that
915 344 2354 412 have filtered from books into the quiet college room
915 456 2590 523 meander over the page. He sees through a thousand green shads
917 565 2399 624 What lies immidately before him-- the unhappy heart of
913 676 2327 735 man. The reflections serve to chequer the immediate
921 785 2325 845 8pectacle. From books he has won the tolerant sense
921 886 2456 962 that we are not singl figures but inmumerabl rep ated.
919 995 2481 1073 In pursuit of melancholy he travels over the whole world,
925 1112 2590 1178 though he has never left his college room. Ne are at a remove
919 1217 2457 1293 from the thing treated. We are enjoying the spectacle of
937 1330 1917 1392 melancholy, not sharing is anguish.
1295 1440 2564 1514 It is here then that we develop facuoties that
919 1549 2372 1625 the play left dormant. to stop; to pause; to refelct;
917 1654 2247 1730 to Now the reader is completely in being. Ee can
913 1773 2541 1841 pause; he can ponder; he can compare; he can draw back from
917 1884 2564 1958 the page and see behind it a man sitting alone in the centre
962 1987 2403 2059 of the labyrinth of vords in a college room thinkinh
912 2096 2236 2168 of suicide. He can gratify many different moods.
925 2197 2376 2276 ne can read directly what is on the page, or, draing
913 2311 2508 2383 aside, can read what is not written. There is a long drawn
912 2428 2454 2498 continuity in the bock that the paly has not. It gives a
910 2531 2317 2609 different pace to the mind. Ve are in a world where
910 2638 1499 2710 nothing is concluded.
