2775 3500
807 87 871 161 38
805 202 1201 278 beyond recall.
987 363 2485 439 Presumably the earlier plays, in vhichnthe palaywright
805 470 2335 538 was more at tge mercy of the audience, are more damaged
2008 421 2106 476 the
805 587 2413 659 by rreading them tnantkmatkmrar The reader instinctively
808 694 2463 770 tries to be there in person. He tries to sup ly the trumepts
807 805 2141 869 and the flags; tle citizens and the apprentices.
805 911 2189 980 He furbishes himself up vith a dip into hensloev,
993 867 1481 923 nourishes himself
805 1016 2491 1100 with a dip into Holingshed. He makes an effort to supply what
810 1129 2386 1207 is so chvieusly the sunk part of the play. But he is perp
812 1236 2341 1306 tually rebuffed. He is pat to become not a reader but a
1440 1191 1530 1252 apt
808 1345 2364 1415 student ; tamrmgnsatam~gniatpnmmttax a collector of
808 1452 2389 1522 scattered-bones. At some point however in the Elizabethan
812 1573 2337 1641 drama the re zder is born. There are spepeches and scnes
816 1668 2314 1746 that call upon his special faculty. Vhen the dramatist
810 1783 2337 1858 becomes conscious of the play as a vorl¬ of art; when he
812 1890 2238 1967 becomes able to unite the play by a unity vhich is
810 1987 2644 2084 not that of the plot-- by something in himself, ~~~~~ ~~~~
818 2105 2358 2177 by some individuality of his style, of his whole temper,
818 2173 2043 2240 it is the apprehension of this power at vork
816 2224 2364 2292 it is this apprehension that serves to drow together the
820 2335 1952 2411 faculties vhiehare proper to the reader.
822 2442 1771 2514 th t brings the reader into being.
1118 2551 2286 2615 The reader has been in existence for round
816 2660 2267 2728 about four mubired years. But his life hsotry is an
818 2766 2500 2850 obscure one. At some point his ear must have lost 1ts a utene
818 2873 2405 2951 acuteness; then his eyes became dull. Then he became vord
818 2988 2473 3058 eonscious, aNare of suggestions and echoes. As time paassed,
820 3093 2129 3163 he imported into the writteh vord much that vas
820 3198 2397 3280 unintended by the vriter. A vord spelt in the Elizabethan
