2777 3500
845 122 915 210 2
812 248 2257 320 Stop in the middle of her song. and shut the piano.
855 410 1936 476 Her fath r beat her oftener and oftner.
857 519 2308 598 She vould show the marms on her flesh in the kitchen.
878 630 2178 707 1The squire didnt ought to" said Pink the groom.
857 746 2425 824 Euzmyrnaexmmn Ji nny the parlourmaid agreed; but her cough
1454 692 1958 758 would have agreed.
853 861 1374 917 prevented her ff̂ram
1209 968 1380 1024 Still
1499 898 1586 956 evpt.
1015 1073 2203 1155 There vere many legs on the alwn in summer.
1724 1015 1861 1094 4amn
857 1180 2335 1261 She would vatch them from between the rasperry canes,
857 1295 2413 1374 Where she had a cave A grass path led between the bushes,
877 1407 2372 1475 and once the legs came valking there: and her brother(
853 1516 2448 1584 ni white flannel) stooped: And the girl in a white shkirt
877 1621 1701 1697 Who was with him stopped too.
1063 1726 2395 1806 Eullo LElizabeth " said her brother. "WCut alleng
853 1839 2460 1917 into the houseand fetch my pipe; and I'll give you sipence"
931 1950 2372 2016 She guessed it vas not his pipe he wanted: but to be
851 2053 2444 2135 rid of her. So she mooned round the library looking at the
853 2171 1283 2232 great pict res.
1042 2275 2279 2345 They had been in that house for ever so long.
849 2383 2308 2461 And the great pictures vere almost part of the valls.
851 2494 2463 2570 They were ancestors; children; youths; grovn men and vomen;
851 2605 2446 2685 sea captains; bishops. And the strange men used to lo0k at
878 2710 2010 2796 them andmake notes in their pocket books.
1120 2823 2524 2903 The only person she sav whole, from her yellow head
851 2938 2448 3017 to her little black slippers vas arry Elmer, the duag ter
847 3039 1361 3113 of another squire.
1199 3150 2469 3239 At intervals of ten miles apart ther were then
847 3255 2380 3346 great houses. Perry "all, the E;mers house, vas famous.
