2786 3500
898 155 1056 235 Anon.
906 264 2554 336 1Tor man y centuries after Britain became an island' the hist
898 383 2476 449 orian says " "the untamed forest vas king." Its mosit and
898 486 2478 560 mmsy floor was hidden from, eavens eye by a close drawn
892 589 2575 663 curtain woven of innumerable tr-e tops. " On the matted bougk
898 700 2498 775 inmuerable birds snag; but their song vas only heard by a
922 812 2418 878 few slein clad hunters in the claetings. Did the desire
1661 867 1863 950 Lasrres.
900 919 2466 997 to sing come to one of those savages because he geard the
898 1026 2441 1106 bIrd̂s sing, and so rested his axe against the tree for a
892 1133 2363 1213 momen t? Anyhow, the tree was felled; some sort of hut
896 1236 2573 1324 Was made from its branches; and the clearine became larger; à
924 1353 2573 1433 the birds f er; and the human voice sang imstead. The first
896 1462 2429 1549 songs are out of door songs; spring songs; summer songs;
894 1575 1270 1658 Winter songs.
1165 1672 1840 1744 Bytuene Mersh and Averil
1247 1736 2128 1812 Whe a spray biginneth to springe,
1167 1794 1945 1866 The lutel foui hath hire "yl
1243 1843 1857 1925 On hyre lud to synge.
1241 1950 1803 2026 Sumer is icumen in,
1295 2010 1787 2076 Lude sing cuccu
1184 2168 1717 2247 By a banle as ? lay,
1270 2228 2046 2306 Musing myself alone, hey ho!
1163 2278 1570 2345 A birdes voice
1161 2339 1583 2405 Did me rejoice,
1188 2391 1830 2467 Sineine before the day;
1161 2453 1861 2523 And me thousht in her lay
1165 2504 2101 2584 She said, minter was past, hey ho!
889 2669 2241 2743 They were out of door songs, because there was no
887 2772 2352 2846 comfort indoors, little light, and no books. The eye
894 2875 2451 2963 therefore vas more active in in ourselves. The eye is the
885 2992 2317 3070 youne sense; the sense that is attached to the body.
887 3097 2377 3181 Nom and then, by chooisng a view carefully to slut out
887 3196 2426 3286 a chimney or a bungalom, ve can still see a fragment of
