<?xml version="1.0" encoding="UTF-8"  standalone="yes"?>
<PcGts xmlns="http://schema.primaresearch.org/PAGE/gts/pagecontent/2019-07-15" xmlns:xsi="http://www.w3.org/2001/XMLSchema-instance" xsi:schemaLocation="http://schema.primaresearch.org/PAGE/gts/pagecontent/2019-07-15 http://schema.primaresearch.org/PAGE/gts/pagecontent/2019-07-15/pagecontent.xsd">
  <Metadata>
	<Creator>escriptorium</Creator>
	<Created>2024-05-15T10:10:27.663910+00:00</Created>
        <LastChange>2024-05-15T10:47:59.695697+00:00</LastChange>
  </Metadata>
  <Page imageFilename="m52-9.tif" imageWidth="2774" imageHeight="3500">
    <TextRegion id="eSc_dummyblock_">
      <TextLine id="eSc_line_ba7c98f2" custom="structure {type:default;}">
        <Coords points="2630,262 2610,262 2591,262 2571,262 2552,260 2532,260 2513,260 2493,260 2474,260 2454,258 2435,258 2416,258 2396,258 2377,258 2357,256 2338,256 2336,256 2318,256 2299,256 2279,256 2200,256 2182,254 2182,254 2163,252 2143,252 2124,252 2104,252 2085,252 2065,250 2048,250 2034,254 2011,250 2007,250 1988,250 1968,248 1955,256 1844,256 1824,246 1813,246 1807,246 1760,254 1704,245 1696,245 1684,243 1575,254 1562,245 1560,245 1558,245 1556,245 1466,252 1363,243 1361,243 1281,254 1268,245 1266,245 1264,245 1262,245 1260,245 1225,252 1112,243 1110,243 1108,243 1106,243 1093,252 1019,245 1017,245 1015,245 995,254 995,289 995,320 1058,311 1163,320 1165,320 1258,311 1330,320 1332,320 1464,311 1556,320 1558,322 1694,322 1694,320 1696,320 1698,320 1713,311 1754,320 1756,320 1758,320 1873,311 2028,320 2030,320 2034,320 2569,311 2641,320 2643,289 2643,262 2630,262"/>
        <Baseline points="995,289 2643,289"/>
        <TextEquiv conf="0.9700715922918476">
          <Unicode>Anon han̂ sune his song at the back door in a jargon that vas</Unicode>
        </TextEquiv>
      </TextLine>
      <TextLine id="eSc_line_b0ae1260" custom="structure {type:default;}">
        <Coords points="995,394 995,425 2239,425 2240,398 2240,367 2184,351 2182,351 2180,351 2108,365 2102,367 1801,367 1776,361 1721,351 1719,351 1634,359 1593,363 1577,359 1546,350 1544,350 1542,350 1493,357 1462,363 1451,357 1439,351 1437,351 1435,351 1433,351 1422,357 1414,361 1388,357 1357,351 1355,351 1320,355 1274,363 1262,355 1254,350 1252,350 1250,350 1248,350 1223,355 1186,363 995,353 995,394"/>
        <Baseline points="995,394 2240,398"/>
        <TextEquiv conf="0.9846315494803495">
          <Unicode>as uncouth and fammanxikarnanaus to arrison</Unicode>
        </TextEquiv>
      </TextLine>
      <TextLine id="eSc_line_8adcb2cd" custom="structure {type:default;}">
        <Coords points="995,503 994,532 2005,536 2009,511 2007,478 1894,464 1892,464 1781,474 1756,462 1754,462 1624,462 1622,462 1620,462 1618,462 1602,474 1600,474 1550,462 1548,462 1546,462 1505,472 1478,462 1476,462 1474,462 1472,462 1470,462 1458,472 1458,474 1353,474 1351,472 1324,460 1322,460 1320,460 1318,460 1291,472 1289,472 1280,472 1215,462 1213,462 1114,470 1104,470 1085,458 1083,458 1081,458 1079,458 995,468 995,503"/>
        <Baseline points="995,503 2009,511"/>
        <TextEquiv conf="0.9843372493176847">
          <Unicode>as to ourselves; and-more barparous .</Unicode>
        </TextEquiv>
      </TextLine>
      <TextLine id="eSc_line_ea87b234" custom="structure {type:default;}">
        <Coords points="995,612 994,631 1766,643 1770,618 1768,581 995,565 995,612"/>
        <Baseline points="995,612 1770,618"/>
        <TextEquiv conf="0.9691232124279285">
          <Unicode>Iehem for wowine al forwalke,</Unicode>
        </TextEquiv>
      </TextLine>
      <TextLine id="eSc_line_725872b3" custom="structure {type:default;}">
        <Coords points="1001,666 1001,684 1040,696 1042,696 1044,696 1116,686 1171,696 1173,696 1219,686 1270,696 1272,698 1348,698 1348,696 1350,696 1351,696 1363,686 1546,696 1548,696 1550,696 1585,684 1585,666 1585,628 1001,628 1001,666"/>
        <Baseline points="1001,666 1585,666"/>
        <TextEquiv conf="0.9877198991321382">
          <Unicode>7ery no water in vore</Unicode>
        </TextEquiv>
      </TextLine>
      <TextLine id="eSc_line_bed574ef" custom="structure {type:default;}">
        <Coords points="994,773 992,793 1023,805 1025,805 1027,805 1029,805 1031,805 1044,795 1124,795 1143,806 1145,806 1147,806 1208,808 1209,808 1211,808 1213,808 1231,797 1303,808 1305,808 1381,797 1408,810 1410,810 1412,810 1486,799 1577,812 1579,812 1661,801 1737,812 1739,812 1741,812 1772,799 1774,781 1772,744 1721,733 1719,733 1717,733 1715,733 1715,735 1706,742 1706,744 1581,744 1575,742 1532,731 1530,731 1529,731 1439,740 1429,740 1422,740 1363,729 1361,729 1359,729 1340,738 1336,738 1165,727 1163,727 994,735 994,773"/>
        <Baseline points="994,773 1774,781"/>
        <TextEquiv conf="0.9866618492773601">
          <Unicode>An hendy hap ichable yghent;</Unicode>
        </TextEquiv>
      </TextLine>
      <TextLine id="eSc_line_6af8a390" custom="structure {type:default;}">
        <Coords points="994,882 992,898 1042,910 1044,910 1859,906 1861,886 1859,853 1688,853 1686,851 1663,840 1661,840 1659,840 1657,840 1618,851 1616,851 1614,851 1581,840 1579,840 1577,840 1575,840 1573,840 1573,841 1565,847 1552,840 1550,840 1548,840 1546,840 1375,849 1373,849 1371,849 1313,840 1311,840 1215,849 1211,849 1209,849 1198,838 1196,838 1194,838 1192,838 1190,838 1169,849 1167,849 1163,849 1097,838 1095,838 994,847 994,882"/>
        <Baseline points="994,882 1861,886"/>
        <TextEquiv conf="0.978170681384302">
          <Unicode>Ichot from hevene it is me sent</Unicode>
        </TextEquiv>
      </TextLine>
      <TextLine id="eSc_line_280d5084" custom="structure {type:default;}">
        <Coords points="995,1046 994,1067 2606,1077 2610,1057 2608,1020 2546,1009 2544,1009 2394,1016 2346,1018 2340,1016 2326,1007 2324,1007 2322,1007 2320,1007 2262,1015 2242,1016 2219,1015 2161,1007 2159,1007 2157,1007 2137,1013 2122,1016 2062,1011 1999,1007 1997,1007 1921,1009 1803,1015 1764,1007 1739,1003 1737,1003 1702,1007 1645,1013 1550,1005 1505,1001 1503,1001 1486,1003 1439,1011 1169,1011 1145,999 1143,999 1141,999 1139,999 1062,1009 995,997 995,1046"/>
        <Baseline points="995,1046 2610,1057"/>
        <TextEquiv conf="0.9939011587934979">
          <Unicode>the words were as difficult for him to spell out as for us;</Unicode>
        </TextEquiv>
      </TextLine>
      <TextLine id="eSc_line_020eaa8d" custom="structure {type:default;}">
        <Coords points="1101,1116 1141,1127 1143,1127 1145,1129 1221,1129 1221,1127 1223,1127 1246,1120 1264,1114 1285,1120 1313,1129 1315,1129 1316,1129 1379,1121 1394,1121 1425,1123 1529,1131 1530,1131 1532,1131 1534,1131 1540,1125 1554,1118 1620,1118 1630,1127 1635,1131 1635,1133 1637,1133 1639,1133 1641,1133 1643,1133 1663,1129 1686,1123 1746,1129 1750,1110 1748,1083 1678,1069 1676,1069 1614,1077 1587,1081 1519,1075 1425,1065 1423,1065 1367,1069 1276,1077 1211,1065 1202,1063 1200,1063 1194,1063 1145,1075 1104,1061 1102,1102 1101,1116"/>
        <Baseline points="1102,1102 1750,1110"/>
        <TextEquiv conf="0.9885461926460266">
          <Unicode>l~́~painful, </Unicode>
        </TextEquiv>
      </TextLine>
      <TextLine id="eSc_line_5bd2ae27" custom="structure {type:default;}">
        <Coords points="994,1156 994,1180 2593,1178 2595,1164 2593,1129 2546,1118 2544,1118 2495,1127 2493,1127 2447,1118 2445,1118 2443,1118 2418,1127 2416,1127 2412,1127 2355,1118 2353,1118 2116,1125 2098,1125 2097,1125 2083,1116 2081,1116 2079,1116 2077,1116 2075,1116 2042,1125 2038,1125 2030,1125 1955,1116 1953,1116 1898,1123 1884,1125 1859,1123 1758,1116 1756,1116 1647,1123 1626,1123 1624,1123 1612,1114 1610,1114 1608,1114 1606,1114 1604,1114 1602,1114 1593,1121 1589,1123 1560,1121 1429,1114 1427,1114 1425,1114 1402,1121 1394,1123 1390,1121 1375,1112 1373,1112 1371,1112 1369,1112 1367,1112 1332,1121 1326,1121 994,1120 994,1156"/>
        <Baseline points="994,1156 2595,1164"/>
        <TextEquiv conf="0.9876113907765534">
          <Unicode>and for hîm they were reminders of a savagery of low b rth</Unicode>
        </TextEquiv>
      </TextLine>
      <TextLine id="eSc_line_9db01e34" custom="structure {type:default;}">
        <Coords points="992,1265 992,1293 1359,1287 1371,1293 1375,1296 1377,1296 1379,1296 1381,1298 1571,1298 1571,1296 1597,1293 1632,1287 1778,1293 1941,1298 1943,1298 1945,1298 1966,1293 1978,1289 2063,1293 2312,1302 2314,1302 2316,1302 2338,1293 2359,1302 2361,1302 2363,1302 2540,1293 2606,1302 2608,1302 2610,1302 2631,1291 2633,1275 2631,1226 2388,1223 2386,1223 2379,1223 2303,1234 2182,1223 2180,1223 2114,1232 2048,1219 2032,1217 2030,1217 2028,1217 2021,1219 1976,1232 1892,1217 1873,1215 1756,1215 1754,1215 1752,1215 1746,1217 1692,1230 1641,1215 1639,1215 1637,1215 1635,1215 1634,1215 1632,1215 1585,1228 1443,1217 1441,1217 1439,1217 1412,1230 1320,1230 1138,1211 1136,1211 1134,1211 1132,1211 1110,1226 1093,1213 1091,1213 1089,1213 992,1209 992,1265"/>
        <Baseline points="992,1265 2633,1275"/>
        <TextEquiv conf="0.978107493812755">
          <Unicode>mnmfimmxnkukx tokons of base birth, of a close savage past.</Unicode>
        </TextEquiv>
      </TextLine>
      <TextLine id="eSc_line_6644e1af" custom="structure {type:default;}">
        <Coords points="992,1374 992,1401 2454,1401 2456,1382 2454,1335 2279,1331 2277,1331 2276,1331 2270,1333 2239,1343 2207,1333 2205,1333 2204,1333 2202,1333 2200,1333 2184,1345 1997,1331 1970,1330 1968,1330 1953,1330 1844,1343 1618,1333 1616,1333 1359,1341 1318,1326 1316,1326 1315,1326 1311,1326 1225,1339 1134,1326 1132,1326 1062,1339 992,1324 992,1374"/>
        <Baseline points="992,1374 2456,1382"/>
        <TextEquiv conf="0.9730607116663897">
          <Unicode>In the backgrounà, mmminxxavx of ~ar isons mind stood</Unicode>
        </TextEquiv>
      </TextLine>
      <TextLine id="eSc_line_7b8a61f4" custom="structure {type:default;}">
        <Coords points="995,1483 994,1501 2443,1516 2447,1491 2445,1456 995,1438 995,1483"/>
        <Baseline points="995,1483 2447,1491"/>
        <TextEquiv conf="0.9926372136709825">
          <Unicode>the Greeks and the romans; Renrcus Cornelius Agrippa;</Unicode>
        </TextEquiv>
      </TextLine>
      <TextLine id="eSc_line_05a36146" custom="structure {type:default;}">
        <Coords points="994,1592 992,1608 1013,1619 1015,1619 1017,1621 2476,1621 2478,1602 2478,1563 2149,1551 2147,1551 2145,1551 2116,1561 2104,1563 2091,1559 2052,1551 2050,1551 2009,1559 1991,1563 1982,1559 1960,1551 1958,1551 1956,1551 1920,1559 1910,1561 1906,1559 1886,1549 1884,1549 1883,1549 1834,1559 1820,1561 1807,1559 1779,1551 1778,1551 1776,1551 1725,1557 1698,1563 1624,1563 1618,1557 1612,1551 1610,1551 1608,1551 1606,1551 1457,1557 1377,1559 1369,1557 1350,1547 1348,1547 1346,1547 1309,1555 1291,1559 1246,1555 1155,1547 1153,1547 1151,1547 1120,1555 1110,1557 1108,1555 1097,1545 1095,1545 1093,1545 1091,1545 1089,1545 1087,1545 1071,1555 1067,1557 994,1555 994,1592"/>
        <Baseline points="994,1592 2478,1602"/>
        <TextEquiv conf="0.981903162267473">
          <Unicode>Suetonius; Pliny, Cicero. Those-&quot;ere the anicenits who</Unicode>
        </TextEquiv>
      </TextLine>
      <TextLine id="eSc_line_29862731" custom="structure {type:default;}">
        <Coords points="2665,1689 2657,1674 2116,1662 2114,1662 2044,1666 1951,1674 1890,1664 1853,1660 1851,1660 1849,1660 1832,1664 1807,1670 1715,1662 1674,1660 1672,1660 1630,1662 1470,1670 1293,1670 1276,1658 1274,1658 1272,1658 1270,1658 1268,1658 1233,1668 1213,1656 1211,1654 1209,1654 1208,1654 1206,1654 1173,1656 1034,1666 994,1654 992,1701 990,1726 1143,1734 1145,1734 1198,1728 1239,1724 1270,1728 1315,1736 1316,1736 1318,1736 1338,1730 1357,1722 1379,1730 1398,1736 1400,1736 1614,1738 1616,1738 1618,1738 1635,1730 1649,1726 1671,1730 1711,1740 1713,1740 1715,1740 1733,1732 1744,1726 1785,1732 1844,1740 1846,1740 1894,1732 1925,1728 1956,1732 2007,1740 2009,1740 2011,1740 2034,1734 2054,1728 2186,1728 2221,1734 2274,1744 2276,1744 2371,1736 2427,1730 2443,1736 2468,1746 2470,1746 2472,1746 2540,1736 2571,1732 2589,1736 2624,1746 2626,1746 2628,1746 2667,1736 2668,1715 2665,1691 2665,1689"/>
        <Baseline points="992,1701 2668,1715"/>
        <TextEquiv conf="0.9542254085342089">
          <Unicode>oc upied the same place in arrisons mind that the Mlizabetha</Unicode>
        </TextEquiv>
      </TextLine>
      <TextLine id="eSc_line_ae1ca620" custom="structure {type:default;}">
        <Coords points="992,1812 990,1825 1106,1839 1108,1839 1258,1831 1281,1841 1283,1841 1285,1841 1342,1831 1388,1841 1390,1841 1556,1833 1571,1843 1573,1843 1575,1843 1577,1843 1647,1833 1649,1833 1713,1843 1715,1843 1758,1833 1764,1833 1770,1833 1822,1843 1824,1843 1947,1835 1960,1835 1962,1835 1972,1845 1974,1845 1976,1845 1978,1845 2021,1835 2028,1835 2048,1837 2157,1847 2159,1847 2447,1839 2449,1821 2447,1786 2046,1773 2044,1773 1918,1783 1900,1783 1884,1783 1791,1771 1789,1771 1787,1771 1760,1781 1758,1783 1626,1783 1624,1781 1614,1771 1612,1771 1610,1771 1608,1771 1445,1779 1431,1779 1420,1779 1281,1767 1280,1767 992,1775 992,1812"/>
        <Baseline points="992,1812 2449,1821"/>
        <TextEquiv conf="0.9562756542889577">
          <Unicode>occupy in our minds. The readers of his time read the</Unicode>
        </TextEquiv>
      </TextLine>
      <TextLine id="eSc_line_71b2f819" custom="structure {type:default;}">
        <Coords points="992,1921 990,1944 2207,1952 2211,1930 2209,1895 2102,1884 2100,1884 2098,1884 2077,1891 2067,1897 1970,1897 1939,1890 1898,1882 1896,1882 1762,1886 1628,1891 1612,1884 1606,1880 1604,1880 1602,1880 1600,1880 1599,1880 1591,1884 1573,1891 1322,1891 1311,1880 1311,1878 1309,1878 1307,1878 1305,1878 1297,1878 1239,1890 1204,1876 1200,1876 1198,1876 1196,1876 1182,1876 1077,1888 992,1874 992,1921"/>
        <Baseline points="992,1921 2211,1930"/>
        <TextEquiv conf="0.9865017303011634">
          <Unicode>classics, Those were the valuable books that</Unicode>
        </TextEquiv>
      </TextLine>
      <TextLine id="eSc_line_9465e5ae" custom="structure {type:default;}">
        <Coords points="992,2030 990,2051 2639,2059 2643,2041 2643,2008 2596,1996 2595,1996 2593,1996 2591,1996 2561,2008 2526,2008 2478,2008 2476,2006 2453,1995 2451,1995 2449,1995 2386,2004 2384,2004 2357,1991 2355,1991 2353,1991 2289,2002 2277,2004 2270,2002 2235,1989 2233,1989 2231,1989 2180,2000 2165,2004 2145,2000 2093,1987 2091,1987 2089,1987 2034,1998 2011,2002 1939,1996 1838,1987 1836,1987 1834,1987 1813,1995 1797,1998 1766,1993 1731,1987 1729,1987 1727,1987 1713,1993 1690,2002 1542,2002 1480,1987 1457,1983 1455,1983 1423,1987 1330,1998 1283,1989 1281,1989 1204,1996 1153,1981 1151,1981 1149,1981 1147,1981 1145,1981 1143,1981 1083,1996 1054,1981 1052,1981 992,1979 992,2030"/>
        <Baseline points="992,2030 2643,2041"/>
        <TextEquiv conf="0.9978877276182174">
          <Unicode>were chained to the sleves in college libraries. The leanred</Unicode>
        </TextEquiv>
      </TextLine>
      <TextLine id="eSc_line_5ee57a03" custom="structure {type:default;}">
        <Coords points="992,2136 992,2162 1443,2162 1464,2164 1542,2175 1544,2177 1748,2177 1748,2175 1750,2175 1778,2166 1787,2164 1805,2166 1865,2177 1867,2177 1933,2168 1951,2166 2034,2168 2373,2181 2375,2181 2635,2171 2637,2148 2635,2113 2219,2101 2217,2101 2215,2101 2196,2109 2186,2113 2155,2109 2110,2103 2108,2103 2106,2103 2104,2103 2097,2109 2091,2113 2085,2109 2071,2100 2069,2100 2067,2100 2065,2100 2063,2100 2040,2109 2036,2109 2032,2109 1995,2100 1993,2100 1991,2100 1990,2100 1972,2107 1964,2111 1925,2107 1853,2101 1851,2101 1849,2101 1830,2107 1814,2111 1756,2107 1637,2098 1503,2098 1501,2098 1499,2098 1482,2105 1476,2107 1466,2105 1427,2096 1425,2096 1423,2096 1369,2105 1350,2107 1289,2103 1143,2096 1141,2096 992,2101 992,2136"/>
        <Baseline points="992,2136 2637,2148"/>
        <TextEquiv conf="0.9942096630732219">
          <Unicode>read them; and the nobles too. &quot;...our ancient ladies of the</Unicode>
        </TextEquiv>
      </TextLine>
      <TextLine id="eSc_line_dfcf5e2d" custom="structure {type:default;}">
        <Coords points="992,2249 990,2271 1091,2282 1093,2282 1095,2282 1097,2282 1110,2273 1116,2271 1180,2271 1217,2275 1303,2284 1305,2284 1307,2284 1330,2276 1342,2273 1517,2273 1579,2278 1649,2286 1651,2288 1861,2288 1861,2286 1863,2286 1873,2282 1892,2275 1927,2282 1951,2288 1953,2288 1955,2288 1956,2288 1962,2284 1974,2276 2003,2284 2019,2288 2021,2288 2023,2288 2060,2284 2139,2276 2207,2286 2223,2288 2225,2288 2258,2288 2431,2278 2447,2290 2449,2290 2451,2290 2453,2290 2458,2290 2503,2280 2550,2290 2554,2259 2552,2224 2272,2212 2270,2212 2176,2222 2161,2222 2147,2220 2075,2210 2073,2210 1986,2220 1964,2222 1958,2220 1929,2208 1927,2208 1925,2208 1869,2220 1863,2220 1853,2220 1776,2210 1774,2210 1713,2218 1702,2220 1692,2218 1651,2208 1649,2208 1647,2208 1480,2218 1458,2218 1441,2218 1295,2205 1293,2205 1291,2205 1244,2216 1243,2218 1182,2218 1180,2216 1163,2205 1161,2205 1159,2205 1157,2205 992,2214 992,2249"/>
        <Baseline points="992,2249 2554,2259"/>
        <TextEquiv conf="0.9931120180657932">
          <Unicode>court&#x27; were to be found reading the holy scrpitures &quot; as</Unicode>
        </TextEquiv>
      </TextLine>
      <TextLine id="eSc_line_6ada3133" custom="structure {type:default;}">
        <Coords points="994,2376 1071,2391 1073,2391 1075,2391 1112,2380 1188,2389 1190,2389 1192,2389 1225,2381 1233,2380 1243,2381 1311,2393 1313,2393 1410,2383 1439,2381 1458,2385 1499,2393 1501,2393 1546,2385 1567,2383 1612,2387 1690,2395 1692,2395 1694,2395 1709,2389 1725,2383 1774,2391 1811,2395 1813,2395 1814,2395 1822,2391 1836,2385 1904,2385 1918,2393 1923,2397 1925,2397 1927,2397 1929,2399 2015,2399 2015,2397 2017,2397 2023,2395 2046,2385 2083,2395 2089,2366 2087,2331 1875,2331 1867,2325 1859,2319 1857,2319 1855,2319 1853,2319 1851,2319 1849,2319 1844,2325 1840,2329 1834,2325 1816,2315 1814,2315 1813,2315 1774,2323 1758,2327 1655,2321 1505,2313 1503,2313 1501,2313 1488,2319 1466,2325 1437,2317 1422,2313 1420,2313 1418,2313 1400,2317 1367,2323 1324,2315 1311,2313 1309,2313 1307,2313 1305,2313 1305,2315 1295,2323 1278,2313 1270,2311 1268,2311 1266,2311 1264,2311 1262,2311 1258,2313 1243,2323 1130,2311 1122,2311 1120,2311 1116,2311 1044,2323 997,2310 995,2358 994,2376"/>
        <Baseline points="995,2358 2089,2366"/>
        <TextEquiv conf="0.9898458167910575">
          <Unicode>they did their needlvork; and histories;</Unicode>
        </TextEquiv>
      </TextLine>
    </TextRegion>
  </Page>
</PcGts>
