2782 3500
966 225 2369 291 wnich is just gone, --t~ey are close enomgh to have
1548 163 1626 245 L4
966 328 2424 402 dmagaed what he is seeing partly through their eyes--
970 435 2441 505 the writer in Spensers time had no definite fe-febear.
2138 392 2398 449 Cas w
970 552 2398 618 Spensers rdatien is against the lanaguge not against
1237 495 2490 567 ligtl M cw halcu h lis liuu
968 661 2501 727 any particualr master of it. Ne has a sense of the decay
968 760 2523 840 0f langauge, its cor eptuino since the purity of Chaucer,
968 865 2474 939 rather than a desire to destroy some acttal pfedeéssor.
970 978 2505 1048 He-Peeovered the odold-vords, Ghaucers vords. Conscious
968 1090 2639 1160 perhaos of his own diffusity and sweetness, he tried to stifs
2194 1055 2404 1106 tcou~
968 1141 1712 1209 Cauu wr. he co ll.
968 1197 2612 1277 his words by the use of the old English speech. But together
966 1310 2531 1386 With this sense of the past, there vas present in him the
1962 1265 2422 1328 hu a
968 1409 2608 1499 sense of the future. Jhe sense of the future of the langauge
968 1522 2422 1602 is almost extinct novw Bat then the writer vas aare
964 1635 2258 1707 of the tumult of the Something vas happening;
966 1738 2464 1812 Vith his acute sense of words, he must have been avare,
964 1845 2496 1928 with agitaion, "ith distress of what linece ight befall
972 1958 2344 2024 this langauge; Re must have detected in speech, in
966 2063 2408 2142 ballds, everghmere , something lossening, fermenting,
1910 2022 2089 2090 ~a~a
966 2175 2342 2245 and tried to seize; to harden; to fix the language
972 2253 2412 2364 hat mas abo- to he, ~ t~~~~~ ~~~~
