2772 3500
925 173 992 246 lo
970 278 2561 361 The writer then came to birth with difficulty in England--
922 392 2480 462 the writer mho is distinct from the minstrel, whose words
916 495 2371 573 are printed. For vhen familtar lettees are written in
918 604 2371 686 Biblical prose there must be axhim~u~tamkaxm~naeie
914 711 2363 785 a barrier between what is sayable and wnat unsayable.
920 824 2112 898 a 1imit thus to vhat he can put into Word̂s.
1912 791 2145 863 luar
912 925 2499 1013 He is in being,at the beginning of the sixteenth century;
914 1036 2532 1114 for the priting press has given him a name; but he is still
912 1143 2478 1219 unspeci alised, undifferentiated. The artist --the person
933 1263 2291 1324 Who stand gtside amnmmarmsrd, by some impulse
912 1372 2381 1444 desiring to observe and state -- is not wholly writer,
1602 1312 2167 1380 2f~. MAcE feve Paup¬
910 1470 2371 1555 Wholly musician, or vholly painter. It seems possible
916 1580 2435 1664 that the great Rnglish art may not be the art of vords.
910 1689 2260 1771 His eye like a painters, is alive to the clour of
910 1798 2417 1874 clothing, of country, of beats and birds; his ear, like
914 1915 2575 1987 a musicians, is stimulated by the sound of words spoxen aloud
912 1952 1338 2030 Vhat he wrote
908 2016 2398 2101 Ri a beel Was read outaleud. " I spent most of my time
1451 1975 1777 2035 tupu,
904 2123 2328 2203 Wrote Lady Ann Clifford in playing Gl-ck~ at Glecko,
904 2240 2495 2315 and hearing Moll Neville read the Arcadia." .. Rivers used
908 2339 2470 2424 to read to me on Montaigne essays and oll Neville in the
914 2446 1630 2521 Faery ueen" (l6l7--lblo)
2336 2422 2542 2479 l-t 446
1776 2457 2569 2533 ver rd had its sharpnes
906 2558 2489 2632 its veight given to it by the speaking voice. And then the
904 2661 2381 2735 lute and the virginals gave lilt, rhythm melody to the
900 2766 2275 2860 written vords. When the fIre ol London as burning
1421 2726 2563 2796 and the citizens loading their goods intob
902 2877 2359 2961 Pepys noted that "Hardly one lighter or baot in three
2314 2788 2371 2866 N
959 2996 2462 3074 that had the goods of of a house in it, but there vas a
908 3091 1624 3171 pair of virginals in it'.
1770 3103 2486 3175 he writers mind vas full
898 3202 2487 3293 of undiffrentiated vords; old vords, nem vords; French and
