<?xml version="1.0" encoding="UTF-8"  standalone="yes"?>
<PcGts xmlns="http://schema.primaresearch.org/PAGE/gts/pagecontent/2019-07-15" xmlns:xsi="http://www.w3.org/2001/XMLSchema-instance" xsi:schemaLocation="http://schema.primaresearch.org/PAGE/gts/pagecontent/2019-07-15 http://schema.primaresearch.org/PAGE/gts/pagecontent/2019-07-15/pagecontent.xsd">
  <Metadata>
	<Creator>escriptorium</Creator>
	<Created>2024-12-08T13:33:15.048440+00:00</Created>
        <LastChange>2024-12-09T10:14:51.707998+00:00</LastChange>
  </Metadata>
  <Page imageFilename="m1-8-6-4.jpg" imageWidth="2721" imageHeight="3500">
    <TextRegion id="eSc_dummyblock_">
      <TextLine id="eSc_line_91e10279" >
        <Coords points="820,280 820,303 1007,315 1015,315 1036,297 1135,309 1220,288 1398,297 1459,277 1591,288 1658,268 1667,268 1777,280 1903,256 1918,256 1970,271 2291,239 2291,212 2285,148 2084,180 1938,183 1906,166 1894,166 1850,186 1760,177 1707,175 1605,198 1585,180 1576,180 1316,212 1144,201 922,230 913,230 867,215 858,215 817,230 820,280"/>
        <Baseline points="823,280 2293,215"/>
        <TextEquiv conf="0.9788652116602118">
          <Unicode>Et Ehhat ponit ni te Chaptethan drama ii the</Unicode>
        </TextEquiv>
      </TextLine>
      <TextLine id="eSc_line_9c17f3c4" >
        <Coords points="820,382 820,420 998,387 1053,396 1313,367 1348,385 1363,387 1424,367 1707,364 1707,361 1731,341 1769,355 1780,355 1897,329 1985,347 2297,315 2297,285 2291,247 2201,233 2201,236 2183,250 2180,256 1941,256 1833,277 1792,259 1783,259 1740,282 1626,277 1512,297 1477,280 1465,280 1427,303 1407,291 1392,285 1383,285 1278,312 1232,297 1223,297 1179,312 1068,306 978,332 943,317 814,320 820,382"/>
        <Baseline points="823,383 2300,286"/>
        <TextEquiv conf="0.9441439304933992">
          <Unicode>leader hom. cit mhat poite de vn ceari t be</Unicode>
        </TextEquiv>
      </TextLine>
      <TextLine id="eSc_line_40cdbe5f" >
        <Coords points="811,460 811,495 992,487 1062,463 1094,478 1100,478 1191,457 1275,472 1380,452 1418,466 1439,469 1509,443 1591,457 1629,460 1707,434 1745,455 1754,455 1845,428 1888,446 1894,446 2061,428 2064,402 2061,355 1991,344 1964,364 1845,367 1731,344 1664,367 1614,350 1605,350 1544,382 1436,364 1427,364 1401,385 1299,364 1147,373 1059,399 1042,408 808,411 811,460"/>
        <Baseline points="814,463 2065,405"/>
        <TextEquiv conf="0.9242873506413566">
          <Unicode>livare ettre Fremehat Mu Mas : atMae</Unicode>
        </TextEquiv>
      </TextLine>
      <TextLine id="eSc_line_9a7c60f5" >
        <Coords points="834,548 837,592 905,574 972,583 1030,557 1103,568 1427,527 1632,522 1705,536 1748,516 1792,530 2154,501 2154,463 2145,422 1915,437 1813,422 1777,449 1649,455 1567,431 1559,431 1483,457 1331,446 1296,457 1240,481 1199,455 1188,455 1053,492 969,472 826,478 834,548"/>
        <Baseline points="836,550 2155,466"/>
        <TextEquiv conf="0.9619750207976291">
          <Unicode>Brti she avdtenei Bauving np the pouty</Unicode>
        </TextEquiv>
      </TextLine>
      <TextLine id="eSc_line_1b37eda1" >
        <Coords points="855,641 855,679 1048,641 1080,662 1091,662 1205,630 1234,653 1249,653 1249,650 1284,627 1372,641 1392,641 1392,638 1395,638 1410,621 1448,635 1462,635 1591,600 1667,600 1693,618 1702,618 1783,612 1821,583 1923,600 1938,583 1964,597 1973,597 2087,568 2195,571 2198,539 2189,498 2096,504 2052,484 2043,484 1967,516 1900,504 1850,527 1655,539 1591,519 1582,519 1509,551 1401,533 1296,542 1296,545 1275,562 1249,551 1237,551 1220,568 1182,551 1170,551 1135,574 1088,557 1077,557 1042,589 969,592 899,571 887,571 849,595 855,641"/>
        <Baseline points="856,643 2200,540"/>
        <TextEquiv conf="0.9711365837317246">
          <Unicode>hhe a Thait on paper drecvin up a fere,</Unicode>
        </TextEquiv>
      </TextLine>
      <TextLine id="eSc_line_50886d37" >
        <Coords points="858,735 858,755 978,758 1004,735 1068,735 1106,755 1118,755 1135,740 1194,749 1378,729 1398,702 1596,714 1661,679 1687,688 1707,691 1824,670 1850,691 1862,691 1964,665 2031,644 2218,641 2218,615 2213,574 2140,557 2078,589 1941,597 1868,577 1856,577 1830,609 1652,624 1559,603 1553,603 1497,632 1316,624 1255,659 1220,635 1147,638 1097,673 1021,679 943,659 849,665 858,735"/>
        <Baseline points="859,737 2219,618"/>
        <TextEquiv conf="0.9566093770469107">
          <Unicode>boconce cletaches, Masig in a Erom aloné</Unicode>
        </TextEquiv>
      </TextLine>
      <TextLine id="eSc_line_c450697e" >
        <Coords points="834,851 1030,860 1033,860 1036,860 1129,828 1129,799 1115,740 1048,758 992,746 978,743 975,743 972,743 963,746 919,770 829,755 834,825 834,851"/>
        <Baseline points="836,826 1132,801"/>
        <TextEquiv conf="0.9734451685632978">
          <Unicode>he plag</Unicode>
        </TextEquiv>
      </TextLine>
      <TextLine id="eSc_line_4deded24" >
        <Coords points="1313,772 1316,807 2338,740 2335,697 2326,641 2081,676 2034,665 2031,665 2029,665 2026,665 2023,665 1996,682 1888,673 1883,673 1880,673 1877,673 1874,673 1827,694 1810,679 1807,679 1804,679 1801,679 1798,679 1754,702 1605,714 1307,714 1313,772"/>
        <Baseline points="1315,775 2338,698"/>
        <TextEquiv conf="0.955274885892868">
          <Unicode>The render came vern fradualln inte</Unicode>
        </TextEquiv>
      </TextLine>
      <TextLine id="eSc_line_0ec3eea9" >
        <Coords points="840,924 840,947 1051,933 1121,910 1293,910 1293,907 1302,904 1310,889 1465,877 1491,886 1512,889 1634,860 1693,872 2268,805 2268,787 2262,746 2128,732 2061,737 2061,740 2031,770 1909,775 1865,758 1853,758 1830,784 1763,793 1705,772 1696,772 1634,807 1398,825 1375,805 1366,805 1299,813 1299,816 1272,840 1240,825 1211,819 1059,860 951,845 832,857 840,924"/>
        <Baseline points="843,926 2271,788"/>
        <TextEquiv conf="0.9539827307065328">
          <Unicode>rcibence. Te aiduner iooos Me andience had no</Unicode>
        </TextEquiv>
      </TextLine>
      <TextLine id="eSc_line_88ea6f87" >
        <Coords points="2142,802 2099,805 1961,831 1932,834 1868,828 1728,854 1710,842 1699,842 1576,869 1477,863 1427,880 1398,886 1340,877 1302,898 864,930 870,980 870,1009 1030,994 1068,1006 1080,1006 1094,985 1378,959 1436,971 1614,936 1672,947 1886,927 1982,901 2017,912 2262,889 2259,842 2253,805 2160,799 2142,802"/>
        <Baseline points="872,981 2261,843"/>
        <TextEquiv conf="0.9818360774140609">
          <Unicode>Vost ayhe mort. Ven Elz abchan audrend</Unicode>
        </TextEquiv>
      </TextLine>
      <TextLine id="eSc_line_72937b1a" >
        <Coords points="878,1050 881,1093 945,1093 960,1076 998,1087 1018,1085 1068,1058 1372,1052 1541,1035 1585,1012 1672,1023 2186,962 2186,924 2180,886 2157,875 2145,875 2119,892 2023,886 1999,904 1932,895 1906,912 1813,907 1725,930 1649,924 1480,956 870,1000 878,1050"/>
        <Baseline points="881,1052 2187,926"/>
        <TextEquiv conf="0.9455042416002692">
          <Unicode>pad no best entee mois. May bad le sae tu</Unicode>
        </TextEquiv>
      </TextLine>
      <TextLine id="eSc_line_19c2057d" >
        <Coords points="870,1155 870,1178 957,1184 983,1160 1030,1175 1039,1175 1094,1146 1255,1131 1322,1143 1436,1111 1623,1111 2329,1017 2329,994 2323,953 2195,953 2084,980 2037,956 2026,956 2026,959 1994,988 1979,982 1956,980 1862,1003 1821,982 1813,982 1754,1015 1696,997 1687,997 1608,1032 1559,1009 1550,1009 1445,1050 1334,1032 1284,1067 1249,1050 1234,1047 1156,1052 992,1070 937,1102 907,1082 861,1085 870,1155"/>
        <Baseline points="872,1155 2332,997"/>
        <TextEquiv conf="0.9714401541872227">
          <Unicode>Min lad Lo sa drans mnthe play Morte treen gans</Unicode>
        </TextEquiv>
      </TextLine>
      <TextLine id="eSc_line_675ee296" >
        <Coords points="858,1225 861,1254 1077,1251 1159,1225 1488,1201 1538,1178 1748,1175 1748,1172 1772,1152 1999,1131 2017,1143 2029,1143 2125,1114 2122,1082 2116,1044 1967,1044 1912,1067 1836,1058 1763,1085 1681,1076 1605,1105 1430,1105 1354,1131 1220,1128 940,1178 890,1166 878,1166 852,1181 858,1225"/>
        <Baseline points="859,1225 2123,1084"/>
        <TextEquiv conf="0.9083441983569752">
          <Unicode>tie lyef Lg a As an then dat tre,</Unicode>
        </TextEquiv>
      </TextLine>
      <TextLine id="eSc_line_bb3a1f2f" >
        <Coords points="875,1330 878,1356 1310,1292 1334,1309 1342,1309 1634,1268 2011,1207 2037,1187 2093,1195 2242,1160 2288,1152 2356,1163 2440,1131 2431,1064 2285,1061 2210,1093 2128,1085 2008,1122 1932,1120 1848,1146 1763,1137 1740,1163 1529,1192 1494,1178 1486,1178 1427,1207 1392,1192 1383,1192 1328,1222 1267,1210 1205,1239 1068,1239 864,1274 875,1330"/>
        <Baseline points="878,1332 2438,1103"/>
        <TextEquiv conf="0.8911273380120596">
          <Unicode>et strod e The Flachotre. Ren coutd net depr, estrette</Unicode>
        </TextEquiv>
      </TextLine>
      <TextLine id="eSc_line_c06104b4" >
        <Coords points="893,1391 896,1417 1167,1382 1176,1382 1264,1400 1267,1400 1269,1400 1386,1362 1439,1367 1442,1367 1445,1367 1448,1367 1494,1338 1506,1332 1512,1335 1559,1356 1561,1356 1564,1356 1897,1306 1900,1306 1903,1306 1944,1277 1947,1274 1953,1274 2110,1265 2113,1265 2116,1265 2134,1251 2148,1236 2268,1230 2265,1190 2250,1140 2166,1169 2023,1172 2014,1175 2011,1175 2005,1175 1868,1213 881,1341 893,1391"/>
        <Baseline points="894,1393 2267,1190"/>
        <TextEquiv conf="0.9343093246221542">
          <Unicode>trive he mpreriion depou et nfettr it 1y</Unicode>
        </TextEquiv>
      </TextLine>
      <TextLine id="eSc_line_98a8972a" >
        <Coords points="870,1464 872,1493 975,1487 1004,1505 1018,1505 1059,1472 1191,1481 1404,1429 1494,1440 1494,1437 1523,1411 1526,1414 1585,1429 1810,1400 1830,1373 1865,1391 1874,1391 1935,1362 1941,1356 2087,1350 2201,1321 2236,1335 2245,1335 2321,1309 2318,1271 2309,1233 1818,1283 1556,1335 1483,1327 1442,1353 1392,1353 1258,1362 1033,1405 1015,1391 1007,1391 864,1423 870,1464"/>
        <Baseline points="872,1467 2319,1274"/>
        <TextEquiv conf="0.9205254593065807">
          <Unicode>rasun en percrate the voitoy m revate. den</Unicode>
        </TextEquiv>
      </TextLine>
      <TextLine id="eSc_line_26200525" >
        <Coords points="867,1560 867,1583 980,1583 980,1580 1024,1560 1091,1572 1161,1542 1188,1540 1275,1545 1725,1464 1775,1470 1859,1443 1897,1458 1906,1458 2008,1423 2052,1435 2064,1435 2096,1411 2154,1423 2245,1400 2245,1367 2239,1327 2195,1309 2183,1309 2148,1338 2067,1330 2046,1350 2002,1335 1906,1350 1906,1353 1877,1376 1821,1362 1810,1362 1789,1391 1564,1402 1503,1432 1310,1432 1287,1461 1126,1481 1074,1467 1062,1467 1062,1470 1039,1490 978,1478 858,1510 867,1560"/>
        <Baseline points="868,1563 2248,1370"/>
        <TextEquiv conf="0.942917083369361">
          <Unicode>lndtars ⁊ faite raiite atcoiants particps soy</Unicode>
        </TextEquiv>
      </TextLine>
      <TextLine id="eSc_line_f3b4295c" >
        <Coords points="312,1682 324,1738 452,1709 440,1650 417,1580 294,1618 312,1682"/>
        <Baseline points="315,1685 441,1653"/>
        <TextEquiv conf="0.996250182390213">
          <Unicode>i4</Unicode>
        </TextEquiv>
      </TextLine>
      <TextLine id="eSc_line_55b3d35b" >
        <Coords points="875,1642 881,1671 986,1642 1065,1650 1500,1586 1521,1569 1617,1569 1617,1566 1643,1545 1742,1545 1742,1542 1807,1519 1886,1528 1886,1525 1909,1505 1935,1516 1947,1516 1967,1493 2277,1449 2277,1432 2268,1391 2163,1408 2113,1394 2102,1394 2102,1397 2075,1420 2037,1405 2029,1405 1912,1446 1883,1440 1827,1435 1813,1455 1798,1443 1789,1443 1672,1458 1634,1487 1611,1475 1599,1475 1579,1499 1465,1513 1413,1502 1401,1502 1360,1531 1194,1554 1156,1542 1147,1542 995,1583 864,1580 875,1642"/>
        <Baseline points="878,1644 2280,1434"/>
        <TextEquiv conf="0.9793592958073867">
          <Unicode>Te General nature et Chatuthan entiam.</Unicode>
        </TextEquiv>
      </TextLine>
      <TextLine id="eSc_line_9a790866" >
        <Coords points="2046,1467 2046,1470 2017,1493 1950,1490 1850,1522 1818,1507 1810,1507 1766,1528 1687,1528 1655,1557 1521,1577 1497,1563 1483,1563 1465,1586 1421,1575 1410,1575 1378,1604 1240,1604 1121,1624 1086,1650 1039,1639 1027,1639 978,1668 907,1659 884,1671 902,1761 1001,1723 1132,1723 1159,1720 1176,1697 1202,1709 1226,1715 1629,1645 1661,1618 1678,1633 1690,1633 1742,1610 1742,1607 1868,1604 1906,1577 1944,1592 1956,1592 1991,1566 2069,1566 2069,1563 2160,1531 2148,1470 2046,1467"/>
        <Baseline points="897,1724 2158,1512"/>
        <TextEquiv conf="0.9651805857817332">
          <Unicode>for, it et taite q detail its laite et the</Unicode>
        </TextEquiv>
      </TextLine>
      <TextLine id="eSc_line_daa5c9b8" >
        <Coords points="890,1805 896,1840 2195,1612 2192,1580 2183,1537 2099,1537 2096,1537 2093,1537 2046,1560 2037,1563 2031,1563 2002,1554 1999,1554 1996,1554 1994,1554 1991,1554 1967,1572 1961,1577 1956,1575 1932,1566 1929,1566 1926,1566 1923,1566 1921,1566 1897,1586 1891,1592 1848,1595 1734,1604 1559,1645 1509,1656 1500,1656 1462,1647 1459,1647 1214,1706 1182,1712 1176,1712 1118,1706 1115,1706 1112,1706 975,1744 916,1741 913,1741 910,1741 907,1741 881,1758 890,1805"/>
        <Baseline points="891,1808 2194,1582"/>
        <TextEquiv conf="0.9255387559533119">
          <Unicode>vertnt vertal bretitionr hhnt Dekand The</Unicode>
        </TextEquiv>
      </TextLine>
      <TextLine id="eSc_line_cb3f5295" >
        <Coords points="858,1895 864,1930 910,1907 998,1916 1068,1887 1126,1890 1126,1887 1150,1866 1232,1866 1232,1863 1363,1828 1515,1828 1602,1790 1637,1805 1932,1755 1932,1752 1935,1752 1964,1723 2043,1735 2163,1712 2157,1668 2140,1618 2067,1645 2029,1636 1999,1633 1999,1636 1973,1662 1766,1697 1646,1694 1582,1729 1550,1717 1532,1715 1465,1750 1328,1750 1310,1779 1217,1793 1194,1779 1179,1779 1118,1811 1062,1802 1036,1820 1010,1808 998,1808 948,1834 846,1834 858,1895"/>
        <Baseline points="859,1898 2158,1669"/>
        <TextEquiv conf="0.9572008518796218">
          <Unicode>he Mhahen en &amp; ? por tre Genant teruns</Unicode>
        </TextEquiv>
      </TextLine>
      <TextLine id="eSc_line_71f218fa" >
        <Coords points="855,1980 861,2012 925,1992 1051,1992 1068,1968 1080,1974 1103,1977 1217,1942 1369,1942 1369,1939 1456,1901 1503,1916 1512,1916 1594,1878 1620,1895 1629,1895 1824,1849 1871,1855 1991,1811 2081,1820 2107,1787 2107,1767 2093,1717 2052,1735 1976,1723 1929,1755 1842,1747 1807,1776 1754,1770 1725,1790 1684,1782 1649,1779 1649,1782 1620,1808 1521,1805 1433,1840 1389,1825 1378,1825 1342,1855 1278,1843 1156,1863 1074,1901 1015,1890 1001,1890 966,1919 843,1919 855,1980"/>
        <Baseline points="856,1981 2110,1769"/>
        <TextEquiv conf="0.9622335913704663">
          <Unicode>It aicivents tro frn the delan stour lonq</Unicode>
        </TextEquiv>
      </TextLine>
      <TextLine id="eSc_line_d7706a8b" >
        <Coords points="878,2044 881,2076 963,2082 966,2082 969,2082 1097,2041 1141,2027 1179,2027 1287,2027 1290,2027 1596,1977 1599,1977 1602,1977 1623,1960 1664,1965 1667,1965 1669,1965 1748,1927 1757,1925 1766,1925 1859,1933 1862,1933 1865,1933 1868,1933 1903,1907 2131,1860 2128,1837 2116,1790 870,2003 878,2044"/>
        <Baseline points="881,2046 2129,1840"/>
        <TextEquiv conf="0.9312191813281088">
          <Unicode>dilay v manter pauce ni surtune d</Unicode>
        </TextEquiv>
      </TextLine>
      <TextLine id="eSc_line_c5fcbd27" >
        <Coords points="878,2137 881,2170 995,2152 1042,2161 1121,2129 1153,2143 1161,2143 1205,2123 1299,2123 1299,2120 1456,2073 1483,2085 1494,2085 1526,2065 1620,2065 1620,2062 1626,2062 1667,2024 1725,2041 1737,2041 1795,2003 1815,2015 1827,2015 1862,1989 2172,1936 2169,1901 2157,1857 1868,1916 1845,1907 1836,1907 1740,1939 1705,1933 1684,1933 1564,1971 1523,1965 1500,1965 1360,2009 1275,2006 1243,2032 1135,2032 1115,2035 1115,2038 1086,2062 978,2082 867,2082 878,2137"/>
        <Baseline points="881,2139 2171,1904"/>
        <TextEquiv conf="0.9524196691629363">
          <Unicode>Tuen e Thathcheeu tance. Louy paine, rhen</Unicode>
        </TextEquiv>
      </TextLine>
      <TextLine id="eSc_line_49ca1395" >
        <Coords points="875,2237 878,2263 980,2260 1056,2222 1278,2202 1278,2199 1302,2181 1302,2178 1331,2187 1526,2152 1526,2149 1556,2123 1640,2108 1702,2117 1815,2073 1935,2073 1935,2070 2037,2027 2233,2012 2285,1980 2364,1986 2405,1954 2402,1933 2391,1892 2291,1910 2268,1892 2256,1892 2046,1948 2005,1942 1959,1977 1891,1986 1871,1971 1859,1971 1783,2012 1725,2021 1693,2006 1684,2006 1614,2044 1579,2032 1567,2032 1523,2065 1430,2076 1036,2135 1007,2167 940,2178 902,2164 890,2164 864,2181 875,2237"/>
        <Baseline points="878,2239 2403,1936"/>
        <TextEquiv conf="0.960188497254189">
          <Unicode>Sren Mate pearde veun ts pais hany denhendrs ni</Unicode>
        </TextEquiv>
      </TextLine>
      <TextLine id="eSc_line_4493fd49" >
        <Coords points="893,2301 905,2336 916,2324 943,2339 948,2339 1182,2301 1199,2280 1214,2269 1275,2272 1410,2234 1561,2234 1754,2170 1941,2167 2166,2100 2163,2076 2151,2032 1923,2076 1856,2073 1807,2097 1754,2085 1675,2120 1637,2108 1626,2108 1602,2135 1529,2149 1375,2152 1214,2205 1077,2205 1045,2234 899,2237 899,2240 884,2251 893,2301"/>
        <Baseline points="894,2303 2165,2078"/>
        <TextEquiv conf="0.9457670393444243">
          <Unicode>Aubnlires ee Mediileu erhai tte titas mere</Unicode>
        </TextEquiv>
      </TextLine>
      <TextLine id="eSc_line_75cfc39c" >
        <Coords points="916,2394 931,2435 945,2415 1051,2412 1056,2409 1059,2409 1062,2409 1118,2382 1182,2385 1234,2385 1237,2385 1240,2385 1243,2385 1272,2365 1302,2350 1342,2350 1398,2353 1401,2353 2052,2207 2049,2172 2037,2135 1810,2161 1807,2161 1804,2161 1775,2181 1763,2190 1702,2196 1547,2213 1544,2213 1541,2213 1521,2228 1509,2240 1453,2242 1363,2248 1360,2248 1322,2266 1290,2283 1234,2283 1188,2283 1185,2283 1182,2283 1179,2283 1161,2295 1141,2310 1106,2307 1083,2304 1080,2304 905,2342 916,2394"/>
        <Baseline points="917,2396 2052,2174"/>
        <TextEquiv conf="0.9574505733326077">
          <Unicode>Bruise Mat the Nadtr vras bom ; </Unicode>
        </TextEquiv>
      </TextLine>
      <TextLine id="eSc_line_f55070e8" >
        <Coords points="931,2467 937,2502 978,2514 980,2514 1217,2470 1220,2470 1223,2470 1223,2467 1226,2467 1243,2441 1255,2423 1462,2385 1477,2391 1518,2412 1521,2412 1523,2412 1634,2391 1637,2391 1640,2391 1640,2388 1643,2388 1669,2353 1672,2353 1754,2365 1757,2365 1760,2365 1763,2365 1763,2362 1783,2342 1853,2342 1856,2342 1859,2342 2099,2266 2096,2248 2084,2199 922,2423 931,2467"/>
        <Baseline points="933,2470 2097,2251"/>
        <TextEquiv conf="0.9067412678684507">
          <Unicode>There Jprge pom tre Uetailed</Unicode>
        </TextEquiv>
      </TextLine>
      <TextLine id="eSc_line_390e3b51" >
        <Coords points="861,2549 870,2601 928,2578 992,2584 1039,2531 1293,2490 1369,2517 1380,2517 1413,2490 1430,2505 1442,2505 1550,2470 1769,2450 1798,2417 1883,2417 1947,2377 2037,2394 2110,2347 2230,2330 2291,2342 2332,2318 2329,2295 2323,2263 2213,2245 2134,2292 2072,2272 1976,2286 1938,2315 1886,2310 1842,2342 1763,2333 1710,2368 1541,2394 1480,2374 1351,2394 1302,2438 852,2496 861,2549"/>
        <Baseline points="862,2551 2332,2296"/>
        <TextEquiv conf="0.9303946963378361">
          <Unicode>pat g 3e disderer à menh that vous</Unicode>
        </TextEquiv>
      </TextLine>
      <TextLine id="eSc_line_b1260462" >
        <Coords points="890,2627 893,2657 1018,2665 1205,2604 1310,2616 1640,2546 1693,2552 1780,2508 1821,2528 1833,2528 1877,2496 1944,2499 1988,2470 2119,2450 2180,2467 2192,2467 2192,2464 2230,2429 2414,2420 2408,2371 2396,2318 2215,2342 2198,2365 2075,2365 2055,2388 1976,2403 1833,2406 1813,2429 1667,2438 1646,2455 1611,2447 1599,2447 1599,2450 1576,2467 1526,2458 1357,2505 1328,2493 1316,2493 1281,2520 1065,2555 1039,2546 1030,2546 881,2584 890,2627"/>
        <Baseline points="891,2628 2409,2374"/>
        <TextEquiv conf="0.9276004685295953">
          <Unicode>lon lort , the ploshoie, a Joand m ta private</Unicode>
        </TextEquiv>
      </TextLine>
      <TextLine id="eSc_line_21cd0d58" >
        <Coords points="937,2697 937,2735 1053,2724 1053,2689 1048,2657 931,2651 937,2697"/>
        <Baseline points="939,2698 1055,2692"/>
        <TextEquiv conf="0.9907975494861603">
          <Unicode>Vrom</Unicode>
        </TextEquiv>
      </TextLine>
      <TextLine id="eSc_line_9ad582fa" >
        <Coords points="1083,2762 1086,2782 1179,2785 1214,2759 1272,2773 1284,2773 1313,2750 1500,2727 1521,2703 1629,2703 1664,2677 1766,2683 1777,2671 1810,2648 1982,2636 2011,2613 2046,2630 2058,2630 2116,2601 2233,2601 2230,2552 2218,2496 1982,2549 1883,2543 1836,2575 1754,2566 1734,2590 1661,2587 1643,2610 1579,2598 1518,2636 1331,2654 1205,2692 1161,2677 1068,2692 1083,2762"/>
        <Baseline points="1084,2763 2232,2554"/>
        <TextEquiv conf="0.9239994261194678">
          <Unicode>Vou on ce me tre veadre bas vendiq</Unicode>
        </TextEquiv>
      </TextLine>
      <TextLine id="eSc_line_9bbcc108" >
        <Coords points="905,2878 916,2922 963,2893 1083,2902 1153,2890 1153,2887 1188,2855 1246,2864 1322,2832 1354,2843 1363,2843 1494,2823 1544,2785 1614,2794 1664,2762 1734,2770 1772,2765 1789,2759 1839,2727 1906,2715 1944,2730 1953,2730 1994,2706 2250,2683 2245,2627 2236,2587 2096,2590 2017,2616 1999,2601 1985,2601 1921,2642 1868,2627 1856,2627 1795,2668 1716,2654 1623,2700 1588,2689 1579,2689 1439,2735 1357,2727 1310,2759 1229,2750 1156,2788 1077,2770 1001,2805 890,2805 905,2878"/>
        <Baseline points="907,2879 2248,2628"/>
        <TextEquiv conf="0.9332030177116394">
          <Unicode>Maculhq har britome 20 hrephte divelopeu</Unicode>
        </TextEquiv>
      </TextLine>
      <TextLine id="eSc_line_dd753850" >
        <Coords points="1888,2695 1859,2700 1839,2703 1818,2718 1801,2730 1731,2730 1690,2730 1687,2732 1672,2735 1669,2735 1669,2738 1658,2756 1585,2767 1509,2765 1486,2767 1497,2820 1500,2846 1964,2759 1964,2732 1956,2697 1891,2692 1888,2695"/>
        <Baseline points="1499,2821 1965,2734"/>
        <TextEquiv conf="0.9787858163609224">
          <Unicode>le meute arhe hus</Unicode>
        </TextEquiv>
      </TextLine>
      <TextLine id="eSc_line_9f9b5703" >
        <Coords points="1783,2767 1757,2770 1748,2785 1497,2826 1410,2817 1307,2858 1234,2846 1191,2878 1138,2872 1068,2899 980,2890 890,2913 905,2986 1316,2937 1351,2913 1421,2922 1491,2887 1684,2878 1728,2852 1801,2858 1970,2805 2294,2770 2291,2730 2280,2683 2110,2721 1973,2721 1938,2753 1827,2770 1804,2762 1783,2767"/>
        <Baseline points="904,2969 2293,2731"/>
        <TextEquiv conf="0.9707407215062309">
          <Unicode>mat ve hans loita quet deil Tat va</Unicode>
        </TextEquiv>
      </TextLine>
      <TextLine id="eSc_line_7e14d002" >
        <Coords points="840,3071 843,3091 1018,3074 1091,3042 1161,3047 1232,3018 1354,3018 1354,3015 1375,2995 1480,2995 1559,2963 1591,2977 1599,2977 1687,2942 1740,2954 1900,2928 2020,2887 2067,2899 2078,2899 2128,2867 2376,2849 2402,2826 2402,2811 2391,2765 2151,2779 2128,2805 2011,2802 1923,2846 1684,2881 1608,2870 1585,2899 1521,2910 1413,2902 1413,2905 1383,2934 1272,2925 1214,2963 998,2998 902,2986 902,2989 870,3018 870,3021 832,3024 840,3071"/>
        <Baseline points="843,3072 2403,2814"/>
        <TextEquiv conf="0.9545977753706467">
          <Unicode>Ren ir hau loit the Uvans e the Uhotein</Unicode>
        </TextEquiv>
      </TextLine>
      <TextLine id="eSc_line_456a0449" >
        <Coords points="2177,2849 2137,2855 2069,2881 2023,2872 2005,2878 1994,2878 1961,2907 1868,2907 1853,2928 1754,2942 1731,2928 1722,2928 1640,2942 1599,2975 1532,2963 1488,2998 1351,2998 1202,3050 1124,3047 1106,3071 975,3080 995,3173 1056,3141 2227,2937 2224,2902 2213,2855 2183,2846 2177,2849"/>
        <Baseline points="987,3139 2226,2904"/>
        <TextEquiv conf="0.9648905158042907">
          <Unicode>pois : aec hari toit ths ah that Vh</Unicode>
        </TextEquiv>
      </TextLine>
      <TextLine id="eSc_line_f3c632c4" >
        <Coords points="945,3220 951,3257 963,3266 975,3266 1021,3243 1129,3243 1129,3240 1138,3237 1164,3205 1188,3217 1199,3217 1243,3187 1305,3208 1503,3173 1503,3170 1532,3141 1567,3158 1646,3147 1646,3144 1684,3109 1728,3115 1742,3094 1848,3077 1953,3091 2026,3045 2096,3053 2198,3015 2268,3021 2285,2995 2414,2980 2414,2951 2402,2899 2350,2896 2285,2928 2224,2919 2177,2945 2043,2951 1982,2983 1912,2975 1865,3007 1684,3021 1684,3024 1661,3042 1611,3033 1591,3056 1477,3059 1462,3080 1345,3100 1261,3094 1121,3144 989,3144 937,3170 945,3220"/>
        <Baseline points="946,3220 2415,2953"/>
        <TextEquiv conf="0.9379725217819214">
          <Unicode>bods etre acton gires l hau loit mo</Unicode>
        </TextEquiv>
      </TextLine>
    </TextRegion>
  </Page>
</PcGts>
