2775 3500
898 130 962 213 35
898 246 2354 313 so long as the play vas domenant. The audience at the
900 363 2512 421 plahouse had to draw in the play vith their eyes and ears.
898 462 2543 525 Nithout a book of the words they could not deepen and revive
902 567 2522 631 the impression left by the play,or ask those questions that
898 686 2539 748 are debated daily now in every newspaper. The lackk of generl
898 797 2411 861 r ading acconts for the long pause between eahkespsreas
919 896 2413 960 death and the i8th centiry when the plays of Shakespre
900 1011 2438 1081 hung suspended umeaslied. Even in l7 - Morgann could
898 1120 2378 1180 say that Shakespere still lacked half his proper fame.
900 1228 2489 1289 It accojts too for the scarcity of criticism, and for the
894 1337 2491 1409 general nature of what critisim there was. Both Sidney and
894 1444 2212 1516 Jonson are vriting for the s ll critical public,
896 1551 2123 1625 and thus deal general questions aninot with
894 1662 2564 1728 partciularities and personalitties. Mmktinatmmaxhamtminntke
900 1779 2411 1835 mlaylmure unme xmitixngmxexmdtntinmnxitlacyk myrrmmsrnæarncimnkinm
923 1886 2409 1946 prmatmnxnmyrnki, kmmnainxmas xihmskrßnææmæ xike m tinamglapt
900 1993 1816 2061 mMRRIRIIL,cEUINRLCæMtmREI 4in irr xiny
1160 2096 2386 2156 A life history of the reader during the past
1547 2152 1816 2210 be necded
898 2212 2409 2276 four hundred years vould disocver at what point he lost
900 2315 2436 2397 the acuten ss of his eyes; of his ears. at what point he
898 2420 2566 2490 devloped he power of asscoation; so that nov a vord printed
898 2533 2004 2603 in the old spelling suggests a thosand a
980 2695 2327 2770 The biographer of the reader during the past four
902 2803 2405 2871 hundred years v uldldiscover at vhat point his ear lost
898 2926 2485 2986 its acuteness; vhen his ey d became dull; when, to balance
902 3023 2454 3091 this loss, he became cosncious of suggestions and echoes,
898 3128 1946 3196 and as time passed added much that was
900 3171 2354 3282 unintended by the wEhxmxx vriter. It vould shom that
