2752 3500
952 114 986 188 4
945 219 2561 295 h0uses, furinture clothinge There was no Bnglish literature
947 330 2487 406 to shom up the change in the mind. There vere no English
943 443 2261 507 bo0 s to show up the decline of English writing.
1098 546 2473 628 Up stairs in the great room , as ka ison tells us,
954 649 2613 727 1...our ancient ladies of the co rt" we e to be found reading
945 771 2374 843 the Gekes and "atins as they sat at their needlwork.
943 873 2487 941 fmmkxmxkxmwmmk̀nxmkikihvrmemimkmmmrx (1reele and atin
941 981 2541 1059 ceme as easily to their pens as English. At Gorhambury for
943 1088 2565 1156 isnatnec Lady An Bacon sat writing to her son. Eer letters
939 1199 2592 1271 might have been sermons from the pulpit. Shmmiaxaxommh~ur
941 1312 2477 1386 imoxnsinkngnmnxunoxknatry She exhors t; she admonsihed.
941 1413 2485 1487 Fear of God, suspcion of man surround her with the walls
941 1524 2613 1602 of a dungeon. There is no gaiety, no familiarity, no intimacy
941 1635 2610 1701 in this world. hu draoes herself in the langauge of the -à
939 1740 2538 1814 When she writes; and it is a garment only to fit a certain
939 1843 2510 1926 attitude. Save for Chaucer and Langals and the voice of
941 1961 2611 2031 Anon singing at the back dor, malcing his irrevent mockeries
939 2066 2460 2140 2kimninka x the Mnglish might be a dumb race; a race of
939 2173 2610 2257 me rchants soliders priests, who left ehind them stone houses
941 2286 2429 2358 cul tivated fielde and many churches, but no words. The
941 2395 2608 2465 great house is sielnt. We can see it still, satnding in its
937 2504 2524 2582 green island of parlk, seaparated often from the high road,
941 2611 2506 2693 only by a dip in the ground and a lou red wall. It is out
939 2720 2269 2800 of porpotion now; "iether it is too large or the
941 2825 2611 2918 village with its bungalvos and shops is too small. The furnis
939 2941 2559 3015 is in exsitnce too. Inside all is kept as if the Queen were
941 3052 2510 3126 expected. The up right Elizabethan chairs stand round the
949 3153 1795 3220 mells. Their fringes and their
945 3169 2536 3274 The oale tables are heavy and poliehed. The R79of8 ftdea
