<?xml version="1.0" encoding="UTF-8"  standalone="yes"?>
<PcGts xmlns="http://schema.primaresearch.org/PAGE/gts/pagecontent/2019-07-15" xmlns:xsi="http://www.w3.org/2001/XMLSchema-instance" xsi:schemaLocation="http://schema.primaresearch.org/PAGE/gts/pagecontent/2019-07-15 http://schema.primaresearch.org/PAGE/gts/pagecontent/2019-07-15/pagecontent.xsd">
  <Metadata>
	<Creator>escriptorium</Creator>
	<Created>2025-01-21T20:12:36.028048+00:00</Created>
        <LastChange>2025-01-21T20:14:46.693986+00:00</LastChange>
  </Metadata>
  <Page imageFilename="tl1-1.jpg" imageWidth="2625" imageHeight="3500">
    <TextRegion id="eSc_dummyblock_">
      <TextLine id="eSc_line_dc3045ff" custom="structure {type:default;}">
        <Coords points="1186,589 1174,583 1003,583 993,596 991,614 989,643 1190,641 1191,618 1190,606 1186,589"/>
        <Baseline points="991,614 1191,618"/>
        <TextEquiv conf="0.9974453515476651">
          <Unicode>Dear Sen.</Unicode>
        </TextEquiv>
      </TextLine>
      <TextLine id="eSc_line_b57eef3d" custom="structure {type:default;}">
        <Coords points="2337,666 2317,666 2298,666 2278,666 2259,666 2240,666 2220,666 2201,665 2181,665 2162,665 2142,665 2123,665 2103,665 2084,665 2065,663 2045,663 2031,663 2026,663 2006,663 1989,663 1987,663 1967,663 1948,663 1928,661 1913,661 1895,666 1687,666 1672,659 1656,659 1637,657 1633,657 1596,663 1576,657 1559,657 1540,657 1520,657 1510,655 1499,657 1345,666 1318,657 1314,655 1312,655 1310,655 1170,655 1172,700 1172,731 1226,719 1273,731 1281,731 1283,733 1547,733 1547,731 1608,725 1674,717 1683,723 1691,729 1693,729 1695,729 1697,731 1796,731 1796,729 1798,729 1800,729 1808,721 1814,717 1930,717 1936,719 1952,727 1954,727 1956,727 1958,727 1960,727 1971,719 1979,715 2076,715 2080,717 2096,727 2098,727 2100,727 2101,727 2346,711 2346,694 2341,666 2337,666"/>
        <Baseline points="1172,700 2346,694"/>
        <TextEquiv conf="0.9594632736567793">
          <Unicode>4y lotter also pas written ver hastily,. Me have beon vers</Unicode>
        </TextEquiv>
      </TextLine>
      <TextLine id="eSc_line_32fc9588" custom="structure {type:default;}">
        <Coords points="993,781 993,803 2327,803 2329,775 2327,746 2280,733 2278,733 2276,733 2158,744 1903,733 1901,733 1899,733 1860,748 1670,748 1652,736 1650,736 1648,736 1646,736 1508,746 1438,735 1436,735 1435,735 1409,748 1372,738 1370,738 1368,738 1207,748 1065,736 1063,736 991,750 993,781"/>
        <Baseline points="993,781 2329,775"/>
        <TextEquiv conf="0.9857268269245442">
          <Unicode>sudject to air raile. Five bobers almost crached into this house,</Unicode>
        </TextEquiv>
      </TextLine>
      <TextLine id="eSc_line_86ef664b" custom="structure {type:default;}">
        <Coords points="991,859 991,890 1450,876 1528,886 1530,886 1532,886 1534,886 1610,876 1711,876 1720,884 1720,886 1722,886 1724,886 1726,886 1728,886 1734,884 1765,876 1781,884 1785,886 1786,886 1788,886 1790,886 1794,884 1816,875 2214,880 2218,853 2216,822 2203,812 2201,812 2199,812 2197,812 2195,812 2193,812 2175,824 2175,826 2150,826 2100,826 2043,810 2041,810 2039,810 2037,810 2002,824 1831,812 1829,812 1827,812 1825,812 1804,826 1744,816 1742,816 1573,826 1557,814 1557,812 1555,812 1553,812 1400,812 1398,812 1396,812 1341,828 1324,816 1322,816 1320,816 1318,816 1219,828 1205,816 1203,816 1201,816 1199,816 1040,828 1022,816 1020,816 1018,816 1016,816 1015,816 989,828 991,859"/>
        <Baseline points="991,859 2218,853"/>
        <TextEquiv conf="0.9614024465366945">
          <Unicode>Mey j et uissed, out I Tind it direiult to concentrate; and</Unicode>
        </TextEquiv>
      </TextLine>
      <TextLine id="eSc_line_66f5bcc7" custom="structure {type:default;}">
        <Coords points="993,941 993,958 1310,968 1312,968 1407,958 1454,954 1470,958 1493,966 1495,966 1497,966 1625,958 1695,954 1711,958 1724,962 1726,962 1728,962 1730,962 1732,962 1736,958 1744,952 1788,958 1841,964 1843,964 1893,958 1954,950 2269,956 2273,933 2271,906 2230,894 2228,894 2226,894 2224,894 2205,904 2031,894 2030,894 1948,906 1701,896 1699,896 1697,896 1695,896 1683,906 1405,898 1403,898 1308,910 1077,900 1075,900 991,911 993,941"/>
        <Baseline points="993,941 2273,933"/>
        <TextEquiv conf="0.9854522296937845">
          <Unicode>no doubt ulsinterpreted nhat you said. thouch didnt ean to.</Unicode>
        </TextEquiv>
      </TextLine>
      <TextLine id="eSc_line_abb288f2" custom="structure {type:default;}">
        <Coords points="995,1018 995,1034 1672,1044 1674,1044 1715,1040 1771,1032 1825,1040 1843,1042 1845,1042 1860,1040 1909,1032 2129,1042 2156,1042 2158,1042 2162,1042 2208,1032 2350,1042 2354,1015 2350,985 2090,985 2090,983 2078,974 2076,974 2074,974 2072,974 2026,983 2024,985 1781,985 1779,983 1748,974 1746,974 1744,974 1685,983 1672,985 1662,983 1635,976 1633,976 1631,976 1592,983 1578,985 1559,983 1499,976 1497,976 993,981 995,1018"/>
        <Baseline points="995,1018 2354,1015"/>
        <TextEquiv conf="0.9869305598202036">
          <Unicode>T0 be frank, I doust if I&#x27;ve got sour saranine in your last letter.</Unicode>
        </TextEquiv>
      </TextLine>
      <TextLine id="eSc_line_e00fb498" custom="structure {type:default;}">
        <Coords points="991,1131 1046,1120 1252,1129 1254,1129 1256,1129 1330,1118 1361,1127 1363,1127 1365,1127 1637,1116 1746,1125 1748,1125 1750,1125 1751,1125 1765,1116 2033,1121 2035,1121 2037,1121 2076,1112 2319,1121 2323,1092 2317,1061 2131,1061 2117,1059 2055,1050 2053,1050 2051,1050 2026,1059 2016,1063 1954,1059 1837,1051 1835,1051 1773,1059 1716,1065 1611,1059 1555,1055 1553,1055 1551,1055 1549,1055 1545,1057 1534,1067 1295,1067 1269,1057 1263,1055 1261,1055 1260,1055 1258,1055 1252,1057 1230,1067 1193,1059 1191,1059 1135,1069 1094,1057 1092,1057 1090,1057 1086,1057 1026,1069 991,1057 991,1102 991,1131"/>
        <Baseline points="991,1102 2323,1092"/>
        <TextEquiv conf="0.9711880894807668">
          <Unicode>But I would lile to understand your point or ciow and ir poscible</Unicode>
        </TextEquiv>
      </TextLine>
      <TextLine id="eSc_line_90e7292a" custom="structure {type:default;}">
        <Coords points="2391,1164 2385,1145 2002,1137 2000,1137 991,1149 993,1182 993,1213 1178,1213 1180,1213 1182,1213 1211,1201 1234,1213 1236,1213 1238,1213 1240,1213 1516,1211 1518,1211 1528,1207 1557,1195 1594,1205 1596,1205 1598,1205 1771,1199 1785,1203 1804,1211 1806,1211 1808,1211 1810,1211 1829,1203 1849,1193 1928,1193 1942,1201 1944,1203 1946,1203 1948,1203 1950,1203 2115,1199 2284,1193 2302,1195 2358,1205 2360,1205 2362,1205 2395,1193 2395,1176 2393,1170 2391,1164"/>
        <Baseline points="993,1182 2395,1176"/>
        <TextEquiv conf="0.9852433809335681">
          <Unicode>maire Clesr aar owni so- answer, in the hope thta the wen will remain</Unicode>
        </TextEquiv>
      </TextLine>
      <TextLine id="eSc_line_288e0edc" custom="structure {type:default;}">
        <Coords points="997,1260 995,1287 1038,1283 1065,1287 1110,1295 1112,1295 1162,1283 1164,1263 1164,1236 997,1230 997,1260"/>
        <Baseline points="997,1260 1164,1263"/>
        <TextEquiv conf="0.9993110128811428">
          <Unicode>Sllent.</Unicode>
        </TextEquiv>
      </TextLine>
      <TextLine id="eSc_line_9bf5e8e9" custom="structure {type:default;}">
        <Coords points="1118,1365 2094,1365 2094,1363 2154,1353 2327,1361 2329,1361 2331,1361 2333,1361 2333,1359 2341,1351 2341,1333 2335,1289 2168,1302 2117,1289 2113,1289 2111,1289 2109,1289 1981,1291 1979,1291 1977,1291 1958,1306 1849,1306 1732,1293 1724,1293 1722,1293 1720,1293 1718,1293 1685,1306 1639,1296 1637,1296 1635,1296 1602,1308 1400,1300 1398,1300 1314,1310 1221,1296 1213,1296 1211,1296 1209,1296 1205,1296 1160,1310 1118,1298 1118,1343 1118,1365"/>
        <Baseline points="1118,1343 2341,1333"/>
        <TextEquiv conf="0.9796082513817286">
          <Unicode>Yo say you dont wish any one to gi e wp paintine writinc ox</Unicode>
        </TextEquiv>
      </TextLine>
      <TextLine id="eSc_line_1b0f5519" custom="structure {type:default;}">
        <Coords points="997,1423 997,1448 2308,1431 2310,1415 2304,1380 1837,1386 1831,1384 1810,1376 1808,1376 1806,1376 1767,1384 1759,1386 1748,1386 1683,1376 1681,1376 1680,1376 1654,1386 1648,1390 1561,1390 1528,1388 1324,1378 1322,1378 1320,1378 1318,1378 1318,1380 1316,1380 1308,1390 1296,1390 1155,1380 1153,1380 1151,1380 1127,1390 1104,1380 1102,1380 1100,1380 1098,1380 1077,1390 1063,1380 1061,1380 1059,1380 1057,1380 995,1392 997,1423"/>
        <Baseline points="997,1423 2310,1415"/>
        <TextEquiv conf="0.9620737878025555">
          <Unicode>thin ing about ari and litetrure. Thatiusur marnerancmaorarid</Unicode>
        </TextEquiv>
      </TextLine>
      <TextLine id="eSc_line_c2f9873b" custom="structure {type:default;}">
        <Coords points="997,1499 997,1526 2341,1518 2341,1491 2337,1464 2201,1452 2199,1452 2197,1452 2175,1464 2051,1464 2004,1452 2002,1452 2000,1452 1967,1464 1948,1454 1946,1454 1944,1454 1767,1464 1734,1454 1732,1454 1730,1454 1666,1466 1641,1456 1639,1456 1637,1456 1501,1466 1384,1456 1382,1456 1380,1456 1378,1456 1366,1466 1258,1458 1256,1458 1254,1458 1252,1458 1238,1470 1120,1470 1065,1458 1063,1458 995,1470 997,1499"/>
        <Baseline points="997,1499 2341,1491"/>
        <TextEquiv conf="0.9433055538979788">
          <Unicode>ddlathriarieuthiammnux.Lou mean to go on doine il yo rself when</Unicode>
        </TextEquiv>
      </TextLine>
      <TextLine id="eSc_line_3168ae2c" custom="structure {type:default;}">
        <Coords points="1637,1543 1617,1543 1615,1540 995,1541 997,1578 997,1598 2203,1590 2205,1571 2199,1540 1637,1540 1637,1543"/>
        <Baseline points="997,1578 2205,1571"/>
        <TextEquiv conf="0.9762192415563684">
          <Unicode>the nars over. Uy narrel yoy cay is not with art bat with</Unicode>
        </TextEquiv>
      </TextLine>
      <TextLine id="eSc_line_c0d8bfcf" custom="structure {type:default;}">
        <Coords points="997,1660 997,1689 1149,1689 1149,1687 1151,1687 1153,1687 1153,1685 1170,1678 1403,1683 1540,1685 1541,1685 1543,1685 1545,1685 1545,1683 1549,1681 1555,1676 1586,1680 1625,1685 1627,1685 1629,1685 1631,1685 1639,1680 1648,1674 1755,1678 1891,1683 1893,1683 1944,1676 1971,1672 2216,1672 2218,1672 2228,1681 2230,1681 2232,1681 2234,1681 2294,1670 2296,1652 2292,1625 2148,1625 2100,1610 2098,1610 2096,1610 2094,1610 2092,1610 2072,1623 1965,1615 1963,1615 1961,1615 1934,1625 1919,1615 1917,1615 1915,1615 1913,1615 1788,1625 1785,1625 1781,1625 1646,1611 1645,1611 1643,1611 1611,1627 1608,1627 1584,1627 1384,1613 1382,1613 1318,1627 1308,1629 1306,1627 1291,1615 1289,1615 1287,1615 1238,1615 1236,1615 1234,1615 1232,1615 1219,1627 1217,1627 1088,1615 1086,1615 995,1627 997,1660"/>
        <Baseline points="997,1660 2296,1652"/>
        <TextEquiv conf="0.9718708954751492">
          <Unicode>Bloomsb ry.&quot; what is Bloomebury7 it raeans, as far as I cau sec,</Unicode>
        </TextEquiv>
      </TextLine>
      <TextLine id="eSc_line_00fca6fc" custom="structure {type:default;}">
        <Coords points="999,1744 1001,1773 1044,1761 1168,1771 1190,1771 1191,1771 1205,1769 1265,1759 1302,1767 1312,1769 1314,1769 1330,1767 1386,1757 1503,1763 1576,1767 1578,1767 1580,1767 1582,1767 1588,1761 1598,1755 1639,1761 1676,1765 1678,1765 1715,1759 1742,1755 1750,1759 1765,1765 1767,1765 1769,1765 1771,1765 1792,1757 1804,1753 1812,1757 1820,1763 1821,1763 1823,1763 1825,1763 1827,1763 1829,1763 1839,1757 1845,1753 1878,1755 1956,1763 1958,1763 1960,1763 1961,1763 1973,1753 1975,1753 1977,1753 1998,1761 2000,1761 2002,1761 2004,1761 2006,1761 2006,1759 2014,1753 2016,1751 2162,1751 2164,1732 2158,1705 1849,1705 1847,1705 1833,1695 1831,1695 1829,1695 1827,1695 1777,1705 1769,1707 1746,1707 1615,1697 1613,1697 1557,1707 1541,1709 1524,1707 1460,1699 1458,1699 1456,1699 1438,1707 1435,1711 997,1711 999,1744"/>
        <Baseline points="999,1744 2164,1732"/>
        <TextEquiv conf="0.9909214698351346">
          <Unicode>a set of people who sat on the floor at ernard trect</Unicode>
        </TextEquiv>
      </TextLine>
      <TextLine id="eSc_line_4032d809" custom="structure {type:default;}">
        <Coords points="1003,1823 1003,1849 1112,1839 1197,1847 1203,1847 1205,1847 2362,1831 2364,1812 2360,1773 1942,1773 1940,1773 1938,1773 1913,1779 1895,1783 1821,1781 1683,1775 1681,1775 1635,1783 1623,1785 1594,1785 1460,1777 1458,1777 1456,1777 1454,1777 1440,1786 1436,1786 1417,1786 1238,1779 1236,1779 1170,1788 1016,1781 1015,1781 1013,1781 1011,1781 1001,1786 1003,1823"/>
        <Baseline points="1003,1823 2364,1812"/>
        <TextEquiv conf="0.9594131401090911">
          <Unicode>cay ine imore and more ! understand nothine of muanity in the mass</Unicode>
        </TextEquiv>
      </TextLine>
      <TextLine id="eSc_line_e12ca8e4" custom="structure {type:default;}">
        <Coords points="1003,1901 1003,1928 2393,1909 2395,1891 2391,1858 2115,1849 2113,1849 2111,1849 2088,1858 2074,1862 2055,1858 2030,1851 2028,1851 2026,1851 2024,1851 2002,1858 1985,1864 1866,1864 1855,1858 1845,1853 1843,1853 1841,1853 1812,1858 1773,1864 1722,1858 1683,1853 1681,1853 1680,1853 1660,1858 1631,1866 1495,1866 1470,1858 1466,1856 1464,1856 1462,1856 1460,1856 1454,1858 1421,1866 1388,1858 1376,1855 1374,1855 1372,1855 1370,1855 1368,1855 1365,1858 1353,1866 1341,1858 1337,1855 1335,1855 1333,1855 1331,1855 1330,1855 1328,1855 1324,1858 1312,1866 1118,1868 1001,1858 1003,1901"/>
        <Baseline points="1003,1901 2395,1891"/>
        <TextEquiv conf="0.9696012674898341">
          <Unicode>and were content with that instead of tryin- tou mate h manity in the</Unicode>
        </TextEquiv>
      </TextLine>
      <TextLine id="eSc_line_d36cda3f" custom="structure {type:default;}">
        <Coords points="999,1983 999,2008 1870,1993 1893,1993 2028,2000 2030,2000 2090,1989 2090,1973 2082,1928 2039,1942 1936,1930 1932,1930 1930,1930 1928,1930 1866,1944 1853,1934 1851,1934 1849,1934 1847,1934 1800,1944 1643,1936 1641,1936 1639,1936 1604,1946 1582,1934 1580,1934 1578,1934 1576,1934 1559,1934 1433,1948 1417,1936 1415,1936 1413,1936 1361,1936 1359,1936 1357,1936 1355,1936 1353,1938 1339,1948 997,1944 999,1983"/>
        <Baseline points="999,1983 2090,1973"/>
        <TextEquiv conf="0.9786609714681452">
          <Unicode>mass unlerstend and appreciate what you lemeu and samll</Unicode>
        </TextEquiv>
      </TextLine>
      <TextLine id="eSc_line_d8e6a36f" custom="structure {type:default;}">
        <Coords points="1003,2059 1003,2076 1454,2086 1456,2086 1592,2076 1629,2074 1633,2076 1643,2084 1645,2084 1646,2084 1648,2084 2364,2074 2366,2053 2364,2022 2343,2010 2341,2010 2339,2010 2337,2010 2335,2010 2310,2024 2185,2024 2162,2006 2160,2006 2158,2006 2028,2006 2026,2006 2024,2006 1995,2020 1911,2006 1909,2006 1907,2006 1845,2026 1687,2026 1668,2012 1666,2012 1664,2012 1662,2012 1522,2024 1458,2008 1456,2008 1454,2008 1001,2028 1003,2059"/>
        <Baseline points="1003,2059 2366,2053"/>
        <TextEquiv conf="0.9685963329984181">
          <Unicode>Mho is &quot; youl in, that passegel Bagmuaurne I takte it that you mean</Unicode>
        </TextEquiv>
      </TextLine>
      <TextLine id="eSc_line_44e43f5d" custom="structure {type:default;}">
        <Coords points="1001,2140 1001,2168 1055,2158 1067,2168 1069,2168 1071,2168 1073,2168 1090,2168 1479,2158 1532,2166 1534,2166 1536,2166 1538,2166 1575,2154 1592,2166 1594,2166 1596,2166 1598,2168 1674,2168 1674,2166 1676,2166 1678,2166 1699,2152 1812,2164 1814,2164 1948,2152 1991,2164 1993,2164 1995,2164 1996,2164 1998,2164 1998,2162 2012,2150 2035,2160 2037,2160 2039,2160 2041,2160 2072,2150 2135,2160 2136,2160 2247,2150 2345,2162 2348,2133 2345,2103 2123,2092 2121,2092 2119,2092 2117,2092 2101,2101 1987,2094 1985,2094 1983,2094 1981,2094 1969,2103 1969,2105 1901,2105 1870,2105 1812,2094 1810,2094 1808,2094 1777,2105 1429,2105 1403,2096 1401,2096 1400,2096 1398,2096 1374,2105 1339,2096 1337,2096 1335,2096 1281,2107 1275,2107 1260,2107 1090,2098 1088,2098 999,2107 1001,2140"/>
        <Baseline points="1001,2140 2348,2133"/>
        <TextEquiv conf="0.9625488385077445">
          <Unicode>me in the firet pla,; and to that reply, I never said anythine</Unicode>
        </TextEquiv>
      </TextLine>
      <TextLine id="eSc_line_41c7f0ae" custom="structure {type:default;}">
        <Coords points="1020,2222 1020,2249 1069,2240 1267,2247 1308,2247 1310,2247 2280,2232 2282,2214 2278,2187 2199,2173 2197,2173 2094,2185 2059,2173 2057,2173 2055,2173 2053,2173 2051,2173 2035,2185 1965,2173 1963,2173 1961,2173 1926,2187 1925,2189 1851,2189 1849,2187 1823,2175 1821,2175 1820,2175 1703,2187 1695,2187 1693,2187 1658,2175 1656,2175 1654,2175 1652,2175 1650,2175 1633,2187 1627,2191 1510,2191 1505,2187 1479,2177 1477,2177 1475,2177 1473,2177 1433,2187 1431,2187 1429,2187 1374,2177 1372,2177 1370,2177 1343,2187 1333,2191 1330,2187 1322,2179 1320,2179 1318,2179 1316,2179 1018,2187 1020,2222"/>
        <Baseline points="1020,2222 2282,2214"/>
        <TextEquiv conf="0.9724089378310788">
          <Unicode>or the kind. ! quoted Rogers sayine; I also quoted his sayine.</Unicode>
        </TextEquiv>
      </TextLine>
      <TextLine id="eSc_line_de83ada4" custom="structure {type:default;}">
        <Coords points="1003,2302 1003,2329 2383,2315 2383,2288 2380,2261 2241,2251 2240,2251 2189,2261 2181,2263 1001,2263 1003,2302"/>
        <Baseline points="1003,2302 2383,2288"/>
        <TextEquiv conf="0.9856230258941651">
          <Unicode>A I ressonsible for all that loger eaid&#x27; Then am also responsible</Unicode>
        </TextEquiv>
      </TextLine>
      <TextLine id="eSc_line_949a2a88" custom="structure {type:default;}">
        <Coords points="1007,2381 1007,2411 1289,2413 1291,2413 1293,2413 1295,2413 1298,2409 1316,2397 1433,2397 1464,2409 1473,2411 1475,2411 1477,2411 1479,2411 1485,2407 1505,2397 1528,2407 1538,2411 1540,2411 1541,2411 1543,2411 1553,2407 1588,2395 1635,2395 1654,2407 1658,2409 1660,2409 1662,2409 1664,2409 1666,2409 1676,2407 1713,2395 1804,2395 1823,2405 1831,2409 1833,2409 1835,2409 1855,2405 1901,2393 1944,2403 1956,2407 1958,2407 1960,2407 1977,2403 2024,2393 2084,2393 2105,2403 2115,2407 2117,2407 2119,2407 2121,2407 2133,2403 2154,2393 2164,2403 2170,2374 2166,2343 1295,2341 1293,2341 1291,2341 1258,2350 1256,2350 1250,2350 1118,2343 1116,2343 1005,2352 1007,2381"/>
        <Baseline points="1007,2381 2170,2374"/>
        <TextEquiv conf="0.9606606040970754">
          <Unicode>Tor his seyine, uore aud more, Aread lupirsonuent huersire,</Unicode>
        </TextEquiv>
      </TextLine>
      <TextLine id="eSc_line_36a983d6" custom="structure {type:default;}">
        <Coords points="1007,2463 1007,2481 1217,2492 1219,2492 1221,2492 1260,2481 1388,2490 1390,2490 1575,2479 1680,2488 1681,2488 1750,2477 1903,2486 1905,2486 2061,2475 2113,2485 2115,2485 2117,2485 2119,2485 2133,2473 2133,2453 2129,2422 1944,2413 1942,2413 1940,2413 1938,2413 1926,2424 1907,2424 1810,2424 1790,2415 1788,2415 1786,2415 1785,2415 1783,2415 1769,2424 1713,2415 1711,2415 1534,2426 1485,2416 1483,2416 1481,2416 1446,2428 1444,2428 1438,2428 1324,2420 1322,2420 1191,2430 1106,2420 1104,2420 1102,2420 1100,2420 1088,2432 1005,2432 1007,2463"/>
        <Baseline points="1007,2463 2133,2453"/>
        <TextEquiv conf="0.9669203059239821">
          <Unicode>the imprisonnent gf egotirae; I au aleo reeponsible for</Unicode>
        </TextEquiv>
      </TextLine>
      <TextLine id="eSc_line_6181bbf5" custom="structure {type:default;}">
        <Coords points="1013,2543 1013,2560 1261,2570 1263,2570 1337,2562 1396,2556 1421,2562 1442,2568 1444,2568 1446,2568 1471,2562 1499,2556 1506,2562 1512,2568 1514,2568 1516,2568 1518,2570 1631,2570 1631,2568 1658,2564 1697,2556 1759,2564 1786,2566 1788,2566 1790,2566 1798,2564 1823,2555 1835,2564 1837,2566 1839,2566 1841,2566 1843,2566 1845,2566 1847,2566 1849,2564 1860,2553 2078,2553 2092,2564 2094,2564 2096,2564 2098,2566 2249,2566 2251,2535 2245,2494 2020,2504 2004,2496 1993,2488 1991,2488 1989,2488 1940,2488 1938,2488 1936,2488 1917,2498 1897,2508 1812,2508 1798,2498 1781,2490 1779,2490 1777,2490 1730,2500 1726,2500 1722,2500 1689,2490 1687,2490 1685,2490 1619,2502 1576,2508 1503,2502 1460,2500 1458,2500 1386,2504 1291,2510 1283,2506 1261,2494 1260,2494 1143,2494 1141,2494 1139,2494 1098,2508 1090,2510 1011,2510 1013,2543"/>
        <Baseline points="1013,2543 2251,2535"/>
        <TextEquiv conf="0.976030245675879">
          <Unicode>tea chin the clementary school childron i the blaci country</Unicode>
        </TextEquiv>
      </TextLine>
      <TextLine id="eSc_line_03221e24" custom="structure {type:default;}">
        <Coords points="1007,2623 1007,2654 1123,2642 1232,2650 1256,2652 1258,2652 1260,2652 1261,2652 1263,2650 1279,2640 1293,2650 1295,2650 1296,2650 1298,2650 1318,2650 1435,2640 1479,2646 1508,2650 1510,2650 1532,2646 1565,2638 1680,2642 1771,2646 1773,2646 1775,2646 1777,2646 1783,2640 1792,2636 1932,2636 1946,2638 1989,2646 1991,2646 1993,2646 2012,2636 2018,2634 2039,2636 2107,2644 2109,2644 2166,2634 2170,2634 2171,2634 2249,2644 2251,2644 2253,2644 2255,2644 2271,2632 2271,2613 2263,2574 2224,2584 2080,2576 2022,2572 2020,2572 2018,2572 2010,2576 1991,2588 1835,2588 1814,2578 1806,2574 1804,2574 1802,2574 1800,2574 1788,2578 1755,2588 1660,2578 1623,2576 1621,2576 1596,2580 1553,2586 1534,2580 1520,2576 1518,2576 1516,2576 1514,2576 1505,2580 1487,2588 1468,2580 1466,2580 1464,2580 1462,2580 1460,2580 1458,2580 1446,2590 1415,2582 1403,2578 1401,2578 1400,2578 1357,2582 1256,2591 1209,2584 1199,2582 1197,2582 1188,2584 1147,2591 1125,2584 1114,2580 1112,2580 1110,2580 1108,2580 1096,2584 1073,2591 1005,2586 1007,2623"/>
        <Baseline points="1007,2623 2271,2613"/>
        <TextEquiv conf="0.975427417550236">
          <Unicode>non to dran. I au also ressonsible for his attemapt to maite axt</Unicode>
        </TextEquiv>
      </TextLine>
      <TextLine id="eSc_line_7ed7033a" custom="structure {type:default;}">
        <Coords points="2352,2661 2136,2650 2135,2650 2008,2652 2006,2652 2004,2652 1991,2663 1816,2656 1814,2656 1769,2665 1726,2654 1724,2654 1722,2654 1590,2667 1331,2658 1330,2658 1230,2673 1007,2673 1009,2704 1009,2728 1215,2731 1217,2731 1219,2731 1228,2728 1248,2720 1287,2728 1300,2730 1302,2730 1320,2728 1359,2720 1368,2728 1370,2730 1372,2730 1374,2730 1376,2731 1458,2731 1458,2730 1501,2726 1602,2718 1643,2726 1654,2728 1656,2728 1707,2726 1923,2714 2107,2724 2121,2724 2123,2724 2125,2724 2127,2724 2164,2712 2360,2722 2364,2693 2362,2687 2352,2661"/>
        <Baseline points="1009,2704 2364,2693"/>
        <TextEquiv conf="0.9709839324156443">
          <Unicode>en oyed by the uolie in Southwark. In fact I au not repesnible sor</Unicode>
        </TextEquiv>
      </TextLine>
      <TextLine id="eSc_line_bf4b138b" custom="structure {type:default;}">
        <Coords points="1009,2784 1009,2801 1193,2811 1195,2811 1248,2801 1370,2809 1372,2809 1374,2809 1400,2800 1405,2798 1440,2800 1569,2807 1571,2807 1631,2798 1648,2796 1672,2798 1750,2805 1751,2805 1753,2805 1781,2798 1792,2794 1818,2796 1874,2803 1876,2803 1923,2796 1950,2792 1991,2796 2059,2801 2061,2801 2107,2794 2140,2790 2170,2794 2210,2800 2212,2800 2327,2792 2327,2770 2323,2743 2136,2731 2135,2731 2076,2743 1975,2733 1973,2733 1971,2733 1930,2745 1573,2737 1571,2737 1466,2749 1306,2741 1304,2741 1302,2741 1265,2751 1221,2741 1219,2741 1217,2741 1186,2753 1114,2743 1112,2743 1007,2755 1009,2784"/>
        <Baseline points="1009,2784 2327,2770"/>
        <TextEquiv conf="0.9831402245908976">
          <Unicode>eny thine foger did or said. Abont 150 nas epent on u education.</Unicode>
        </TextEquiv>
      </TextLine>
    </TextRegion>
  </Page>
</PcGts>
