2625 3500
1176 567 1345 610 Letter.
1063 641 2107 705 Tou will complain very Justly that this brittle and
1069 715 2138 773 mn rfect sketch ismankpxx with all its exeggerations,
1063 803 2224 857 Toreshor tenings andxhemmkhEnglamsmaxx gi ves you notning
1063 884 2086 941 If the emotion which is presumably to be found in
1065 956 1485 1015 the books themslves.
1300 1034 2092 1098 Rere then let us maikte a transiton from
1061 1131 2263 1178 one kind of reader to another. In order to divezst ourslves
1057 1207 2162 1261 of the attitude which Letxus make certain confessions.
1063 1277 2123 1333 In order to do that let us mailre certain confessions.
1063 1365 2220 1415 The first is that the critical atttiude pinches the mind.
1063 1438 2090 1501 It is no longer fitting. This is partly due to the
1063 1524 2241 1582 it pinches; it compresses; It puts the mind in whalebones,
1083 1598 2206 1652 like a stays, or pienhes the foot Ilkre too tight shoes.
1063 1681 2206 1742 Even to copy accura cly a quotation breaks the st eam of
1067 1759 2240 1823 thought. The need of accuracy is again inimical. In short,
1067 1839 2090 1893 the cribic today is is llke a in the position of a
1065 1923 2105 1983 body owhich feels the attraction of many magnets at
1063 2004 1528 2055 one and the same time.
1261 2076 2243 2142 To demagnetise ourlves we have to shut the book,
1081 2160 2265 2224 If we can, let us be aware only of the and to seck if ne
1063 2243 2251 2296 can find It a state of mind that is propitious, that state
1061 2319 2267 2378 of mind which in which it seems possible to us to write the
1067 2405 2300 2461 book, not to read it. In that state of mind fu of impresion
1065 2481 2267 2537 incordinated, contradictory, i which so many sneses seem to
1067 2568 2280 2617 takte part, and yet one or two gradually become significant.
1098 2646 2269 2704 Here we are trying to disover what the source of the sunk
1085 2722 2131 2776 impulse. And the didden spring, the gush of water
1065 2805 2245 2870 deep beanth the mud. Whether it holds true universally, ox
1083 2887 1786 2943 If not, the fl t instinct is to be
