2780 3500
945 157 1009 231 31
996 318 2478 400 The Elizabethan audience vere not readers. They had to
939 425 2451 511 draw in the play as they sat or stood at the playhouse,
941 538 2511 622 through their ears, through their eyes. There vas no book
933 643 2548 733 of thee vords. They could not dampx deepen the immpression,
935 752 2548 836 chew it over, and compare it, at a atble in a private room.
933 861 2344 946 This perhaps exp;ains the scarcity of Elizabethan
931 981 2334 1053 criticism; and the general nature of vhat there is.
2027 935 2186 999 h hu
929 1077 2276 1164 Bioth Sidney and 3en Jonson deal with theqneral
929 1190 2406 1273 not vith the particualr; vith the rules of compsition,
929 1300 2433 1382 not with t e details of one play or poem in partciualr.
927 1413 2418 1497 rt accounts too for the long pause when the plays of
1657 1363 2274 1438 utu Vefe. A fha lt &l
931 1514 2523 1606 Snalcepaere even hang suspended and unrealised. It vas only
939 1575 1309 1656 Ma huo E ueut
929 1639 2597 1713 wlen they vere printed and the bock of th e vords lay in many
924 1742 2581 1829 private rooms tkmp that they received their other life.from
1402 1693 1647 1765 tia leo
978 1856 2408 1928 the reader. Much that vas lost in the playhous e was
924 1956 2688 2043 discovered in the private room. But much also has been lost, ~~~
2431 1919 2647 1979 4.4.
920 2066 2431 2156 We have lost the sound of the spoken word; all that the
2595 2030 2688 2098 X.
920 2179 2530 2267 sight of the actors body gives through the eye to the mind.
920 2284 2478 2376 Ve have lost too the sense of being part of the audience.
918 2393 2353 2473 Ve miss a thousand shades that the darmatistconveyed
916 2500 2375 2588 by i mflection of voice, by gesture, by the palcing of
918 2615 2534 2702 the actors vbodies. This can still be tested, at least vith
918 2722 2534 2815 Shalkce peare, by comapring vhauxmmuxg⬪txíxmmxx our impression
914 2833 2184 2914 xmynasbimnimthx af ter seeing the pay vith our
912 2938 2503 3023 impression after reading the play. But as the modern actor
912 3050 2529 3142 inevitably imports much that is of his own day, but foreign
937 3140 2420 3216 to Shshakespeare, there is still something sunk beyond
