<?xml version="1.0" encoding="UTF-8"  standalone="yes"?>
<PcGts xmlns="http://schema.primaresearch.org/PAGE/gts/pagecontent/2019-07-15" xmlns:xsi="http://www.w3.org/2001/XMLSchema-instance" xsi:schemaLocation="http://schema.primaresearch.org/PAGE/gts/pagecontent/2019-07-15 http://schema.primaresearch.org/PAGE/gts/pagecontent/2019-07-15/pagecontent.xsd">
  <Metadata>
	<Creator>escriptorium</Creator>
	<Created>2024-05-13T16:51:29.310100+00:00</Created>
        <LastChange>2024-05-14T10:16:24.488577+00:00</LastChange>
  </Metadata>
  <Page imageFilename="m45-19.tif" imageWidth="2788" imageHeight="3500">
    <TextRegion id="eSc_dummyblock_">
      <TextLine id="eSc_line_338c578e" custom="structure {type:default;}">
        <Coords points="712,180 712,206 844,190 933,202 935,202 937,202 970,188 988,202 990,202 992,202 994,204 1093,204 1095,204 1095,202 1097,202 1130,186 1165,198 1167,198 1169,198 1171,198 1227,184 1451,196 1453,196 1455,196 1500,180 1538,194 1540,194 1542,196 1608,196 1612,196 1612,194 1614,194 1645,178 1723,188 1725,188 1900,175 1996,188 1998,188 2075,173 2126,184 2128,184 2130,184 2132,184 2134,184 2151,171 2167,184 2169,184 2171,184 2173,186 2254,186 2256,157 2252,114 2149,91 2147,91 2145,91 2108,112 2079,93 2077,93 2075,93 1996,93 1994,93 1992,93 1930,108 1883,97 1881,97 1879,97 1877,97 1840,116 1836,118 1822,116 1743,103 1741,103 1630,118 1591,122 1581,118 1546,101 1544,101 1542,101 1540,101 1496,118 1474,128 1315,128 1295,120 1260,105 1258,105 1256,105 1254,105 1198,120 1159,130 1114,120 1056,108 1054,108 986,122 931,132 918,122 904,110 902,110 900,110 898,110 896,110 867,122 834,136 799,122 770,112 768,112 766,112 708,122 712,180"/>
        <Baseline points="712,180 2256,157"/>
        <TextEquiv conf="0.8810098054616348">
          <Unicode>Pet latt lefor i agant That 112 stulls hi haye</Unicode>
        </TextEquiv>
      </TextLine>
      <TextLine id="eSc_line_b465b895" custom="structure {type:default;}">
        <Coords points="719,285 719,299 891,316 893,316 1038,295 1153,303 1155,303 1251,287 1291,303 1293,303 1295,303 1359,301 1361,301 1424,285 1455,295 1457,295 1459,295 1461,295 1501,274 1503,272 1822,262 1828,262 1869,276 1871,276 1873,276 1941,266 1963,280 1965,280 1966,280 1968,280 2085,274 2087,274 2089,274 2107,262 2138,274 2140,274 2142,274 2231,272 2233,272 2287,246 2291,245 2404,243 2404,223 2400,202 2299,186 2297,186 2295,186 2293,186 2266,204 2264,204 2184,182 2182,182 2180,182 2179,182 2116,208 2108,210 2056,210 2054,208 2023,192 2021,192 2019,192 1953,208 1900,186 1898,186 1896,186 1894,186 1893,186 1859,213 1852,219 1821,219 1803,213 1789,210 1787,210 1786,210 1719,213 1651,194 1649,194 1647,194 1558,198 1556,198 1554,198 1521,219 1505,231 1470,233 1260,237 1229,227 1184,210 1182,210 1180,210 1079,213 1077,213 1075,213 1048,231 1025,245 978,231 935,219 933,219 931,219 813,223 811,223 787,235 786,237 780,237 731,225 729,225 727,225 725,225 715,231 719,285"/>
        <Baseline points="719,285 1400,272 1733,246 2005,246 2404,223"/>
        <TextEquiv conf="0.9552085570832516">
          <Unicode>wile Thoe horoci ferer Hene are Me Guar patvres</Unicode>
        </TextEquiv>
      </TextLine>
      <TextLine id="eSc_line_179c0c62" custom="structure {type:default;}">
        <Coords points="721,386 721,410 856,386 937,394 939,394 1153,373 1198,385 1217,390 1219,390 1221,390 1280,386 1282,386 1284,386 1293,381 1315,367 1334,377 1350,385 1352,385 1354,386 1453,386 1453,385 1554,365 1624,351 1645,359 1649,361 1651,361 1653,361 1655,361 1667,359 1704,350 1719,355 1754,369 1756,369 1758,369 1928,363 1930,363 1984,344 2009,353 2011,353 2013,353 2015,353 2017,353 2040,338 2046,334 2068,336 2225,350 2227,350 2229,350 2231,350 2272,324 2274,322 2418,315 2418,301 2414,272 2245,276 2243,276 2180,258 2179,258 2177,258 2175,258 2173,258 2155,272 2093,262 2091,262 2089,262 2052,281 2040,289 1961,291 1906,287 1793,276 1791,276 1789,276 1787,276 1762,291 1745,301 1710,293 1663,281 1661,281 1659,281 1626,295 1612,301 1601,295 1579,285 1577,285 1575,285 1573,285 1572,285 1552,297 1527,313 1414,315 1391,303 1383,299 1381,299 1379,299 1377,299 1375,299 1371,303 1350,320 1313,320 1289,305 1280,299 1278,299 1276,299 1274,299 1155,305 1153,305 1134,311 1058,332 717,324 721,386"/>
        <Baseline points="721,386 1048,367 1332,361 1577,342 1986,332 2165,311 2418,301"/>
        <TextEquiv conf="0.9378272760659456">
          <Unicode>hut urroand tha heazanli: the pelfumi: te Uacn;-</Unicode>
        </TextEquiv>
      </TextLine>
      <TextLine id="eSc_line_8f58af0c" custom="structure {type:default;}">
        <Coords points="733,476 733,491 832,490 834,490 873,474 929,486 963,491 965,491 1007,482 1070,466 1093,478 1095,478 1097,478 1099,478 1114,476 1262,456 1330,466 1359,470 1361,470 1363,470 1377,464 1410,449 1529,445 1614,453 1636,468 1638,468 1640,468 1642,468 1838,460 1840,460 1904,439 1928,433 2003,435 2027,435 2029,435 2031,435 2035,433 2062,421 2101,421 2116,429 2140,445 2142,445 2144,445 2145,445 2147,445 2149,445 2163,435 2235,443 2237,443 2239,443 2276,423 2323,433 2324,433 2404,416 2406,404 2402,365 2221,371 2217,371 2151,348 2149,348 2147,348 2145,348 2144,348 2110,373 2011,357 2009,357 2007,357 2005,357 1970,379 1961,385 1805,385 1688,385 1686,385 1684,385 1682,385 1679,388 1671,394 1657,388 1616,371 1614,371 1612,371 1568,373 1566,373 1525,392 1505,402 1466,394 1394,381 1393,381 1321,385 1319,385 1317,385 1297,400 1280,412 1212,402 1130,392 1128,392 1126,392 1101,406 1072,421 980,421 961,412 941,402 939,402 937,402 889,414 856,421 838,416 821,408 819,408 817,408 729,418 733,476"/>
        <Baseline points="733,476 1616,423 2406,404"/>
        <TextEquiv conf="0.9563906475901603">
          <Unicode>But heseestae he wandene regen te begmen</Unicode>
        </TextEquiv>
      </TextLine>
      <TextLine id="eSc_line_5ece338d" custom="structure {type:default;}">
        <Coords points="745,583 1023,583 1023,581 1025,581 1027,581 1027,579 1038,569 1143,569 1145,569 1147,569 1194,558 1227,548 1344,544 1352,548 1371,563 1373,563 1375,563 1377,563 1498,558 1500,558 1548,540 1620,552 1622,552 1624,552 1626,552 1651,532 1655,528 1784,523 1787,525 1817,542 1819,542 1821,542 1822,542 1914,521 2068,523 2070,523 2155,505 2159,505 2161,505 2229,515 2231,515 2233,515 2284,497 2284,488 2278,449 2237,449 2186,429 2184,429 2182,429 2180,429 2132,455 2130,455 2107,437 2105,437 2103,437 2101,437 2099,437 2042,453 1984,439 1982,439 1980,439 1978,439 1943,462 1935,466 1898,466 1893,464 1858,447 1856,447 1854,447 1852,447 1850,447 1822,466 1817,470 1805,466 1784,460 1782,460 1780,460 1778,460 1776,460 1764,468 1758,474 1679,476 1671,472 1636,456 1634,456 1632,456 1630,456 1562,478 1536,486 1424,488 1416,484 1400,472 1398,472 1396,472 1342,470 1340,470 1266,482 1101,482 1099,482 1097,482 1044,497 1005,511 871,515 852,505 828,495 826,495 824,495 822,495 821,495 799,507 778,521 743,511 745,565 745,583"/>
        <Baseline points="745,565 887,563 1373,525 2284,488"/>
        <TextEquiv conf="0.9004249434645583">
          <Unicode>scho suijj 4 e davrgmand at lue hade door</Unicode>
        </TextEquiv>
      </TextLine>
      <TextLine id="eSc_line_f1346bb7" custom="structure {type:default;}">
        <Coords points="766,649 766,670 846,663 871,668 893,672 894,672 896,672 916,666 935,659 945,665 955,670 957,670 959,670 961,670 963,670 965,670 974,663 988,655 1033,661 1058,663 1060,663 1083,657 1120,649 1155,655 1188,659 1190,659 1231,651 1280,639 1295,647 1305,651 1307,651 1309,651 1385,649 1387,649 1410,641 1439,631 1476,637 1488,639 1490,639 1505,637 1577,620 1610,631 1612,631 1614,631 1616,631 1618,631 1620,631 1659,616 1809,622 1885,624 1887,624 1928,616 2007,596 2235,587 2332,595 2334,571 2328,534 2192,544 2184,540 2161,525 2159,525 2157,525 2118,525 2116,525 2048,528 2046,528 2011,548 2000,554 1980,550 1935,540 1933,540 1931,540 1894,552 1852,538 1850,538 1848,538 1807,540 1805,540 1803,540 1774,560 1762,567 1704,567 1694,563 1657,548 1655,548 1653,548 1544,558 1542,558 1513,571 1494,581 1258,591 1245,583 1227,571 1225,571 1223,571 1192,571 1190,571 1188,571 1142,589 1110,598 1072,591 1052,589 1050,589 1048,589 1033,593 992,604 939,596 898,593 896,593 894,593 893,593 881,600 863,610 832,602 797,595 795,595 793,595 762,604 766,649"/>
        <Baseline points="766,649 1173,639 1651,604 2334,571"/>
        <TextEquiv conf="0.9463826574777302">
          <Unicode>makn uw Vaars agant Hoe Greaks. Romam.</Unicode>
        </TextEquiv>
      </TextLine>
      <TextLine id="eSc_line_ccb24a50" custom="structure {type:default;}">
        <Coords points="774,758 774,777 978,750 1210,736 1252,744 1264,746 1266,746 1268,746 1280,742 1326,729 1383,735 1400,736 1402,736 1426,733 1476,721 1521,725 1548,727 1550,727 1552,727 1573,721 1618,709 1647,715 1669,719 1671,719 1673,719 1688,713 1710,703 1735,709 1756,713 1758,713 1867,705 1869,705 1885,698 1898,692 1947,694 2015,696 2017,696 2375,661 2377,655 2371,616 2326,618 2324,618 2266,595 2264,595 2262,595 2188,596 2186,596 2105,633 2101,635 2056,635 2013,614 2011,614 2009,614 2007,614 2005,614 1974,635 1933,631 1931,631 1930,631 1928,631 1910,645 1910,647 1850,649 1799,624 1797,624 1795,624 1793,624 1727,659 1725,659 1721,659 1677,649 1675,649 1546,670 1527,672 1521,672 1451,647 1449,647 1447,647 1445,647 1358,682 1354,684 1350,682 1299,657 1297,657 1295,657 1108,670 1107,670 1105,670 1075,694 1021,705 1003,707 996,707 885,686 883,686 805,690 803,690 801,690 770,715 774,758"/>
        <Baseline points="774,758 1149,723 1519,707 2145,663 2377,655"/>
        <TextEquiv conf="0.9806739207771089">
          <Unicode>at But he Thosos us the actaal home.</Unicode>
        </TextEquiv>
      </TextLine>
      <TextLine id="eSc_line_3e58819c" custom="structure {type:default;}">
        <Coords points="2564,682 2558,680 2537,688 2509,680 2507,680 2505,680 2503,680 2466,698 2408,686 2379,680 2377,680 2375,680 2373,680 2361,688 2346,700 2319,692 2293,684 2291,684 2289,684 2287,684 2252,696 2251,696 2249,696 2155,692 2153,692 2151,692 2116,705 2081,721 1945,729 1891,721 1824,711 1822,711 1821,711 1819,711 1795,727 1778,738 1756,731 1731,721 1729,721 1649,721 1647,721 1645,721 1644,721 1620,738 1607,750 1482,756 1468,750 1453,742 1451,742 1449,742 1381,752 1359,738 1358,738 1356,738 1354,738 1317,740 1315,740 1264,764 1251,770 1235,766 1182,750 1180,750 1179,750 1136,752 1134,752 1132,752 1101,775 1099,775 1095,775 992,760 990,760 988,760 937,775 838,771 836,771 834,771 760,797 764,845 764,859 914,865 916,865 918,865 963,849 996,840 1021,847 1050,855 1052,855 1054,855 1056,855 1083,843 1085,843 1112,853 1114,853 1116,853 1229,847 1231,847 1282,834 1319,824 1359,830 1408,836 1410,836 1412,836 1435,826 1461,814 1673,814 1702,814 1702,812 1704,812 1708,812 1758,793 1809,801 1811,801 1900,789 1926,799 1928,799 1930,799 2023,777 2038,787 2040,787 2042,787 2044,787 2120,775 2200,787 2212,787 2214,787 2216,787 2221,785 2287,762 2369,766 2371,766 2373,766 2418,754 2472,771 2474,771 2476,771 2585,766 2585,750 2579,682 2564,682"/>
        <Baseline points="764,845 1980,771 2180,750 2540,740 2585,750"/>
        <TextEquiv conf="0.9739259495291599">
          <Unicode>shute ras vese built Bnt Hure is luland ctd</Unicode>
        </TextEquiv>
      </TextLine>
      <TextLine id="eSc_line_38250dcf" custom="structure {type:default;}">
        <Coords points="770,946 774,972 817,958 838,964 840,964 842,964 844,964 846,964 848,964 848,962 850,962 867,941 1001,941 1005,941 1007,941 1009,941 1011,941 1023,929 1036,937 1058,948 1060,948 1062,948 1126,943 1128,943 1130,943 1130,941 1145,921 1145,915 1140,867 1089,869 1087,869 1035,841 1033,841 1031,841 1029,841 992,861 970,849 968,849 966,849 935,855 933,855 931,855 908,875 893,886 850,884 840,876 819,861 817,861 815,861 813,861 811,861 762,878 770,946"/>
        <Baseline points="770,946 972,921 1145,915"/>
        <TextEquiv conf="0.9801659166812897">
          <Unicode>Ve bektat„</Unicode>
        </TextEquiv>
      </TextLine>
      <TextLine id="eSc_line_8f3c8ee6" custom="structure {type:default;}">
        <Coords points="1190,908 1190,925 1373,904 1441,910 1459,911 1461,911 1488,908 1583,890 1723,890 1760,890 1762,890 1784,886 1852,873 1881,880 1891,882 1893,882 1894,882 1896,882 1898,882 1902,878 1912,871 1943,875 1966,878 1968,878 2079,871 2081,871 2097,865 2122,855 2200,857 2260,859 2262,859 2525,834 2525,822 2519,754 2482,754 2480,754 2478,754 2476,754 2476,756 2474,756 2441,787 2383,789 2359,777 2358,777 2356,777 2354,777 2313,793 2280,773 2270,768 2268,768 2266,768 2264,768 2262,768 2243,777 2225,785 2208,779 2186,773 2184,773 2182,773 2180,773 2179,773 2167,783 2140,805 2072,791 2027,783 2025,783 2023,783 1992,799 1970,808 1957,801 1933,791 1931,791 1930,791 1879,793 1877,793 1875,793 1852,810 1834,824 1822,814 1821,814 1819,814 1817,814 1747,830 1710,822 1638,808 1636,808 1634,808 1589,834 1572,843 1536,843 1529,838 1503,818 1501,818 1500,818 1498,818 1461,820 1459,820 1457,820 1426,847 1420,853 1396,853 1385,851 1309,830 1307,830 1305,830 1303,830 1301,830 1264,861 1262,863 1186,867 1190,908"/>
        <Baseline points="1190,908 1898,853 2525,822"/>
        <TextEquiv conf="0.9494901427200862">
          <Unicode>n Aia e fern hen en felu, pe</Unicode>
        </TextEquiv>
      </TextLine>
      <TextLine id="eSc_line_75b23868" custom="structure {type:default;}">
        <Coords points="778,1028 780,1046 928,1036 929,1036 931,1036 931,1034 951,1020 1011,1028 1027,1030 1029,1030 1278,1015 1280,1015 1307,1007 1342,995 1396,995 1398,995 1400,995 1435,978 1490,989 1492,989 1494,989 1531,970 1873,952 1889,960 1891,960 1893,960 1965,945 2009,952 2046,958 2048,958 2050,958 2052,958 2068,948 2081,939 2114,945 2122,945 2124,945 2126,945 2128,945 2130,943 2140,935 2167,941 2227,952 2229,952 2231,952 2291,931 2307,925 2340,927 2445,933 2447,933 2449,933 2451,933 2468,917 2468,908 2465,869 2365,845 2363,845 2361,845 2359,845 2303,878 2299,882 2229,884 2227,882 2180,857 2179,857 2177,857 2116,861 2114,861 2075,882 2050,867 2048,867 2046,867 2044,867 1988,869 1986,869 1902,902 1889,906 1815,906 1684,906 1618,892 1616,892 1492,900 1490,900 1443,927 1426,937 1356,939 1342,933 1319,921 1317,921 1315,921 1313,921 1272,937 1241,948 1149,952 1126,945 1110,939 1108,939 1107,939 1105,939 1103,939 1095,946 1081,958 1036,958 1019,950 986,933 984,933 982,933 980,933 931,954 928,956 916,956 813,945 811,945 809,945 772,960 778,1028"/>
        <Baseline points="778,1028 1358,981 1599,950 2468,908"/>
        <TextEquiv conf="0.9543623391538858">
          <Unicode>put har puen plaa 4 he homei le home has</Unicode>
        </TextEquiv>
      </TextLine>
      <TextLine id="eSc_line_1ad192e7" custom="structure {type:default;}">
        <Coords points="786,1114 786,1129 955,1123 957,1123 959,1123 965,1120 988,1106 1089,1110 1147,1112 1149,1112 1241,1098 1301,1090 1350,1090 1449,1092 1451,1092 1453,1092 1500,1081 1540,1069 1581,1073 1583,1073 1585,1073 1587,1073 1589,1073 1603,1061 1677,1067 1717,1069 1719,1069 1721,1069 1723,1069 1733,1063 1754,1050 1990,1036 2023,1042 2060,1048 2062,1048 2064,1048 2099,1036 2116,1028 2289,1016 2299,1020 2317,1028 2319,1028 2321,1028 2400,1013 2402,1001 2394,962 2295,972 2284,968 2247,958 2245,958 2243,958 2241,958 2190,976 2169,981 2155,978 2079,956 2077,956 2075,956 1974,976 1941,972 1939,972 1937,972 1912,985 1881,981 1879,981 1877,981 1875,981 1875,983 1861,995 1821,983 1819,983 1817,983 1815,983 1772,995 1743,980 1741,980 1739,980 1595,987 1593,987 1535,1020 1525,1026 1474,1026 1470,1024 1451,1011 1449,1011 1447,1011 1445,1011 1443,1011 1394,1030 1383,1034 1371,1032 1266,1009 1264,1009 1262,1009 1260,1009 1206,1044 1200,1048 1114,1051 1097,1050 1046,1046 1009,1026 1007,1026 1005,1026 1003,1026 1001,1026 966,1053 828,1051 826,1051 824,1051 782,1069 786,1114"/>
        <Baseline points="786,1114 1511,1065 1811,1028 2402,1001"/>
        <TextEquiv conf="0.9330902397632599">
          <Unicode>wendon. chenali, hellons, Eelra mes:</Unicode>
        </TextEquiv>
      </TextLine>
      <TextLine id="eSc_line_3e42a72c" custom="structure {type:default;}">
        <Coords points="764,1207 764,1226 871,1226 871,1225 873,1225 910,1215 957,1203 974,1211 980,1213 982,1213 984,1213 986,1213 1001,1209 1038,1199 1064,1205 1079,1207 1081,1207 1083,1207 1099,1201 1112,1195 1188,1195 1303,1193 1305,1193 1330,1186 1365,1174 1379,1182 1383,1186 1385,1186 1387,1186 1389,1186 1521,1178 1523,1178 1546,1170 1583,1156 1682,1151 1752,1156 1791,1158 1793,1158 1795,1158 1822,1151 1873,1137 1943,1143 1980,1145 1982,1145 1984,1145 2011,1137 2064,1123 2114,1131 2126,1131 2128,1131 2130,1131 2144,1127 2202,1114 2307,1116 2309,1102 2301,1036 2274,1038 2272,1038 2270,1038 2227,1069 2155,1046 2153,1046 2151,1046 2073,1051 2072,1051 2070,1051 1984,1085 1887,1065 1885,1065 1883,1065 1881,1065 1879,1065 1852,1085 1830,1079 1828,1079 1826,1079 1665,1110 1626,1100 1624,1100 1622,1100 1620,1100 1618,1100 1618,1102 1603,1116 1558,1118 1455,1096 1453,1096 1451,1096 1449,1096 1447,1096 1393,1129 1270,1110 1268,1110 1266,1110 1202,1145 1126,1149 1050,1127 1048,1127 1046,1127 1044,1127 988,1149 939,1133 937,1133 935,1133 933,1133 931,1133 881,1166 822,1143 821,1143 819,1143 758,1145 764,1207"/>
        <Baseline points="764,1207 1227,1184 1852,1121 2309,1102"/>
        <TextEquiv conf="0.9610639223030635">
          <Unicode>he Mret And Mere is fondon; veln il</Unicode>
        </TextEquiv>
      </TextLine>
      <TextLine id="eSc_line_bddb8bb1" custom="structure {type:default;}">
        <Coords points="772,1302 772,1314 1052,1308 1054,1308 1056,1308 1072,1298 1073,1296 1085,1296 1145,1302 1147,1302 1149,1302 1151,1302 1167,1291 1179,1283 1254,1275 1286,1285 1301,1289 1303,1289 1305,1289 1511,1287 1513,1287 1593,1263 1626,1256 1677,1260 1819,1269 1821,1269 1822,1269 1852,1258 1902,1263 1904,1263 1906,1263 1968,1240 1976,1236 2103,1232 2145,1242 2147,1242 2149,1242 2151,1242 2186,1226 2188,1225 2258,1221 2258,1201 2254,1162 2212,1143 2210,1143 2208,1143 2097,1149 2095,1149 2031,1178 2031,1180 2019,1180 1986,1180 1955,1156 1953,1156 1951,1156 1949,1156 1947,1156 1875,1186 1846,1174 1844,1174 1842,1174 1840,1174 1838,1174 1813,1191 1797,1203 1616,1211 1581,1211 1575,1207 1536,1180 1535,1180 1533,1180 1531,1180 1474,1182 1472,1182 1406,1217 1394,1223 1387,1219 1324,1190 1322,1190 1321,1190 1319,1190 1317,1190 1280,1219 1241,1225 1140,1209 1138,1209 1136,1209 1134,1209 1091,1236 1087,1240 1027,1242 1021,1240 920,1211 918,1211 916,1211 914,1211 838,1252 836,1254 768,1256 772,1302"/>
        <Baseline points="772,1302 1147,1279 1270,1261 1731,1246 1852,1221 1933,1215 2258,1201"/>
        <TextEquiv conf="0.9227579318814807">
          <Unicode>&amp; Franvrt, Ne Qucen: &amp; à fen Thesis:</Unicode>
        </TextEquiv>
      </TextLine>
      <TextLine id="eSc_line_e10474c6" custom="structure {type:default;}">
        <Coords points="784,1400 784,1417 978,1413 980,1413 998,1403 1003,1401 1009,1403 1046,1415 1048,1415 1050,1415 1433,1374 1562,1374 1562,1372 1564,1372 1566,1372 1581,1361 1593,1370 1595,1370 1597,1370 1599,1370 1671,1365 1673,1365 1675,1365 1692,1353 1702,1345 1721,1351 1739,1355 1741,1355 1743,1355 1787,1345 1838,1333 1854,1339 1869,1347 1871,1347 1873,1347 1937,1333 1970,1328 1988,1330 2025,1335 2027,1335 2029,1335 2031,1335 2042,1326 2058,1316 2138,1318 2140,1296 2136,1260 2097,1254 2095,1254 2093,1254 2072,1263 2064,1267 2058,1265 2031,1256 2029,1256 2027,1256 2025,1256 1980,1269 1930,1254 1928,1254 1926,1254 1891,1258 1889,1258 1887,1258 1858,1281 1852,1287 1795,1289 1789,1287 1764,1277 1762,1277 1760,1277 1581,1304 1521,1312 1513,1308 1484,1295 1482,1295 1480,1295 1478,1295 1476,1295 1447,1314 1445,1316 1443,1314 1404,1296 1402,1296 1400,1296 1330,1302 1328,1302 1326,1302 1326,1304 1309,1320 1286,1314 1284,1314 1282,1314 1280,1314 1278,1314 1258,1330 1252,1333 1243,1331 1190,1314 1188,1314 1186,1314 1136,1320 1134,1320 1132,1320 1095,1343 1087,1347 1064,1345 947,1333 945,1333 900,1337 898,1337 896,1337 896,1339 871,1361 865,1365 856,1363 807,1351 805,1351 803,1351 801,1351 780,1363 784,1400"/>
        <Baseline points="784,1400 1293,1376 2140,1296"/>
        <TextEquiv conf="0.8897960790566035">
          <Unicode>s Hure, hogh he cannet le henuly es</Unicode>
        </TextEquiv>
      </TextLine>
      <TextLine id="eSc_line_3ba16348" custom="structure {type:default;}">
        <Coords points="764,1493 764,1526 799,1526 799,1524 801,1524 803,1524 803,1522 805,1522 821,1506 865,1506 883,1514 896,1520 898,1520 900,1520 902,1520 904,1520 904,1518 912,1512 918,1506 929,1510 951,1518 953,1518 955,1518 1044,1501 1054,1499 1072,1512 1073,1512 1075,1512 1077,1512 1079,1512 1081,1512 1105,1497 1105,1479 1099,1450 968,1454 949,1444 941,1440 939,1440 937,1440 922,1442 869,1454 842,1454 828,1440 826,1438 826,1436 824,1436 822,1436 821,1436 760,1436 764,1493"/>
        <Baseline points="764,1493 1105,1479"/>
        <TextEquiv conf="0.9731005231539408">
          <Unicode>Harreson,</Unicode>
        </TextEquiv>
      </TextLine>
      <TextLine id="eSc_line_cadc43bd" custom="structure {type:default;}">
        <Coords points="1136,1475 1136,1483 1219,1493 1221,1493 1223,1493 1260,1473 1262,1473 1282,1473 1354,1473 1354,1471 1356,1471 1358,1471 1365,1466 1371,1462 1377,1466 1406,1479 1408,1479 1410,1479 1412,1479 1414,1479 1441,1460 1453,1452 1535,1448 1546,1452 1589,1468 1591,1468 1593,1468 1595,1468 1597,1468 1624,1448 1665,1442 1684,1440 1686,1440 1710,1456 1712,1456 1714,1456 1715,1456 1717,1456 1751,1444 1815,1448 1817,1448 1819,1448 1821,1448 1838,1436 1869,1448 1871,1448 1873,1448 1933,1444 1935,1444 1937,1444 1972,1419 1974,1417 2052,1413 2077,1429 2079,1429 2081,1429 2083,1429 2085,1429 2087,1429 2087,1427 2105,1407 2105,1400 2101,1361 2038,1353 2037,1353 2035,1353 2007,1365 1953,1351 1951,1351 1949,1351 1947,1351 1924,1365 1904,1353 1902,1353 1900,1353 1898,1353 1828,1359 1826,1359 1824,1359 1791,1380 1760,1363 1758,1363 1756,1363 1754,1363 1698,1388 1614,1376 1612,1376 1610,1376 1608,1376 1572,1400 1523,1403 1500,1403 1418,1386 1416,1386 1414,1386 1356,1413 1295,1411 1278,1396 1276,1396 1274,1396 1272,1396 1270,1396 1198,1423 1167,1415 1165,1415 1163,1415 1161,1415 1130,1427 1136,1475"/>
        <Baseline points="1136,1475 1280,1454 1809,1425 2017,1398 2105,1400"/>
        <TextEquiv conf="0.942781452474923">
          <Unicode>à perolver, Jet Hen dlea mar,</Unicode>
        </TextEquiv>
      </TextLine>
      <TextLine id="eSc_line_cf5f4634" custom="structure {type:default;}">
        <Coords points="760,1580 760,1598 828,1617 830,1617 832,1617 906,1611 908,1611 910,1611 941,1590 1072,1598 1073,1598 1075,1598 1105,1584 1157,1584 1157,1582 1159,1582 1161,1582 1192,1563 1194,1561 1214,1561 1264,1561 1286,1573 1287,1573 1289,1573 1291,1573 1293,1573 1295,1573 1315,1559 1474,1565 1476,1565 1568,1557 1570,1557 1612,1538 1657,1541 1659,1541 1772,1522 1801,1536 1803,1536 1805,1536 1807,1536 1924,1503 1930,1503 1931,1503 1959,1508 1961,1508 2208,1479 2210,1466 2202,1419 2186,1425 2177,1421 2149,1409 2147,1409 2145,1409 1965,1425 1963,1425 1961,1425 1933,1442 1893,1468 1815,1477 1696,1483 1663,1466 1653,1458 1651,1458 1649,1458 1647,1458 1645,1458 1644,1458 1630,1468 1608,1483 1583,1471 1568,1466 1566,1466 1564,1466 1562,1466 1560,1466 1546,1475 1503,1503 1307,1514 1276,1499 1249,1483 1247,1483 1245,1483 1243,1483 1180,1506 1130,1526 1099,1514 1062,1499 1060,1499 1058,1499 1056,1499 1054,1499 1054,1501 1033,1518 1005,1541 929,1541 896,1530 846,1516 844,1516 842,1516 840,1516 756,1541 760,1580"/>
        <Baseline points="760,1580 963,1576 1252,1547 1535,1534 1861,1505 2101,1471 2210,1466"/>
        <TextEquiv conf="0.9564357086231834">
          <Unicode>Obrezuwaly adden hu pateor, den Cokhan</Unicode>
        </TextEquiv>
      </TextLine>
      <TextLine id="eSc_line_031d6138" custom="structure {type:default;}">
        <Coords points="2159,1551 2217,1551 2217,1536 2214,1503 2155,1499 2159,1541 2159,1551"/>
        <Baseline points="2159,1541 2217,1536"/>
        <TextEquiv conf="0.995664656162262">
          <Unicode>e</Unicode>
        </TextEquiv>
      </TextLine>
      <TextLine id="eSc_line_32a587a3" custom="structure {type:default;}">
        <Coords points="2505,1468 2321,1466 2319,1466 2317,1466 2262,1483 2266,1520 2266,1541 2387,1559 2389,1559 2391,1559 2426,1547 2443,1555 2445,1555 2447,1555 2449,1555 2451,1555 2478,1532 2482,1530 2515,1530 2517,1501 2515,1489 2505,1468"/>
        <Baseline points="2266,1520 2356,1506 2517,1501"/>
        <TextEquiv conf="0.9809824128945669">
          <Unicode>Avin à</Unicode>
        </TextEquiv>
      </TextLine>
      <TextLine id="eSc_line_e0d49cd1" custom="structure {type:default;}">
        <Coords points="1628,1608 1628,1617 1704,1625 1706,1625 1708,1625 1756,1604 1766,1600 1789,1600 1908,1604 1910,1604 1912,1604 1914,1604 1947,1582 1951,1580 1961,1580 2013,1586 2015,1586 2017,1586 2019,1586 2019,1584 2033,1573 2035,1571 2095,1565 2095,1549 2085,1501 2037,1524 2011,1516 2009,1516 2007,1516 2005,1516 1955,1543 1840,1549 1809,1538 1791,1532 1789,1532 1787,1532 1751,1536 1749,1536 1747,1536 1731,1549 1706,1567 1622,1565 1628,1608"/>
        <Baseline points="1628,1608 1912,1582 1996,1561 2095,1549"/>
        <TextEquiv conf="0.8986753647526106">
          <Unicode>in ney; toot</Unicode>
        </TextEquiv>
      </TextLine>
      <TextLine id="eSc_line_fc20f8c1" custom="structure {type:default;}">
        <Coords points="776,1693 776,1711 1585,1635 1585,1621 1577,1553 1560,1553 1558,1553 1556,1553 1554,1553 1550,1557 1509,1594 1463,1596 1418,1571 1414,1569 1412,1569 1410,1569 1358,1571 1309,1576 1307,1576 1305,1576 1305,1578 1303,1578 1301,1582 1280,1606 1260,1604 1258,1604 1256,1604 1254,1604 1254,1606 1252,1606 1245,1617 1136,1621 1097,1602 1083,1596 1081,1596 1079,1596 1077,1596 1075,1596 1075,1598 1073,1598 1068,1604 1044,1635 972,1639 937,1617 926,1610 924,1610 922,1610 920,1610 918,1610 916,1610 898,1621 867,1643 834,1645 815,1629 805,1621 803,1621 801,1621 799,1621 797,1621 768,1633 776,1693"/>
        <Baseline points="776,1693 931,1685 1194,1650 1585,1621"/>
        <TextEquiv conf="0.9293449580669403">
          <Unicode>wopid 4 hui Radwinle</Unicode>
        </TextEquiv>
      </TextLine>
      <TextLine id="eSc_line_e9fc0c63" custom="structure {type:default;}">
        <Coords points="766,1788 768,1818 821,1798 838,1810 840,1810 842,1810 846,1812 873,1812 875,1812 877,1812 879,1812 883,1808 896,1798 931,1804 965,1808 966,1808 968,1808 1001,1798 1031,1786 1243,1775 1243,1763 1235,1691 1186,1695 1184,1695 1182,1695 1182,1697 1145,1738 1056,1738 1021,1711 1011,1703 1009,1703 1007,1703 1005,1703 951,1705 949,1705 947,1705 947,1707 933,1718 908,1744 885,1734 883,1734 881,1734 879,1734 877,1734 857,1750 822,1730 803,1718 801,1718 799,1718 797,1718 762,1732 766,1788"/>
        <Baseline points="766,1788 1031,1785 1243,1763"/>
        <TextEquiv conf="0.9531807845289056">
          <Unicode>Martisp. 17</Unicode>
        </TextEquiv>
      </TextLine>
      <TextLine id="eSc_line_72e1c383" custom="structure {type:default;}">
        <Coords points="754,1967 754,1987 879,1996 881,1996 883,1996 939,1981 961,1975 990,1979 1075,1989 1077,1989 1215,1985 1379,1963 1418,1958 1433,1960 1494,1973 1496,1973 1498,1973 1538,1956 1540,1956 1544,1956 1597,1963 1599,1963 1601,1963 1628,1952 1636,1948 1745,1946 1760,1948 1859,1960 1861,1960 1943,1940 1951,1938 1957,1940 2003,1954 2005,1954 2007,1954 2169,1936 2188,1946 2190,1946 2192,1946 2287,1944 2396,1921 2402,1921 2406,1921 2437,1932 2439,1932 2441,1932 2538,1915 2540,1893 2537,1837 2443,1827 2441,1827 2439,1827 2437,1827 2414,1841 2404,1847 2344,1845 2342,1845 2340,1845 2338,1845 2311,1862 2221,1866 2159,1851 2157,1851 2155,1851 2153,1851 2108,1866 2064,1853 2033,1843 2031,1843 2029,1843 1972,1855 1943,1860 1906,1856 1881,1855 1879,1855 1861,1858 1758,1886 1605,1890 1540,1878 1538,1878 1451,1895 1375,1872 1361,1868 1359,1868 1358,1868 1356,1868 1344,1874 1289,1899 1243,1899 1175,1882 1173,1882 1171,1882 1064,1903 1013,1884 1009,1882 1007,1882 1005,1882 1003,1882 1000,1884 955,1901 908,1886 906,1886 904,1886 902,1886 750,1890 754,1967"/>
        <Baseline points="754,1967 1970,1926 2540,1893"/>
        <TextEquiv conf="0.9036944634189793">
          <Unicode>yhek had jone doen starn, ente to zetchen, in te Mi</Unicode>
        </TextEquiv>
      </TextLine>
      <TextLine id="eSc_line_d9961630" custom="structure {type:default;}">
        <Coords points="782,2055 784,2096 836,2072 867,2088 906,2105 908,2105 910,2105 972,2103 974,2103 976,2103 1036,2066 1042,2063 1093,2059 1095,2039 1087,1981 1058,1983 1056,1983 1054,1983 1054,1985 1052,1985 1029,2012 1011,2014 965,1998 963,1998 961,1998 959,1998 920,2020 873,2020 819,1996 817,1996 778,1996 782,2055"/>
        <Baseline points="782,2055 1095,2039"/>
        <TextEquiv conf="0.8901930898427963">
          <Unicode>abusjan.</Unicode>
        </TextEquiv>
      </TextLine>
      <TextLine id="eSc_line_c61655f2" custom="structure {type:default;}">
        <Coords points="766,2185 766,2205 896,2187 929,2193 963,2197 965,2197 966,2197 968,2197 978,2187 988,2181 1009,2185 1050,2191 1052,2191 1054,2191 1056,2191 1073,2179 1081,2173 1089,2177 1108,2185 1110,2185 1112,2185 1219,2177 1221,2177 1286,2158 1286,2146 1282,2111 1169,2100 1167,2100 1165,2100 1093,2119 1091,2119 1052,2109 1050,2109 1048,2109 1046,2109 1011,2123 984,2136 926,2138 894,2129 881,2125 879,2125 877,2125 875,2125 856,2131 817,2144 805,2133 799,2129 797,2129 795,2129 793,2129 762,2135 766,2185"/>
        <Baseline points="766,2185 1286,2146"/>
        <TextEquiv conf="0.9778714520590646">
          <Unicode>2 tune panfule</Unicode>
        </TextEquiv>
      </TextLine>
      <TextLine id="eSc_line_c2535737" custom="structure {type:default;}">
        <Coords points="1342,2133 1344,2158 1398,2138 1470,2146 1472,2146 1474,2146 1503,2135 1536,2146 1552,2150 1554,2150 1556,2150 1558,2150 1575,2142 1608,2129 1649,2138 1663,2140 1665,2140 1667,2140 1679,2136 1696,2129 1786,2129 1836,2129 1838,2129 1867,2123 1982,2100 2054,2109 2056,2109 2058,2109 2101,2088 2122,2096 2124,2096 2126,2096 2245,2076 2416,2086 2416,2055 2410,2010 2354,2016 2348,2012 2323,1996 2321,1996 2319,1996 2317,1996 2266,2002 2237,1989 2235,1989 2233,1989 2231,1989 2145,2010 2132,1998 2130,1998 2128,1998 2126,1998 2081,2000 2079,2000 2077,2000 2077,2002 2054,2026 2040,2041 2021,2043 1959,2045 1933,2031 1916,2022 1914,2022 1912,2022 1910,2022 1908,2022 1908,2024 1898,2031 1889,2043 1871,2033 1869,2031 1867,2031 1865,2031 1863,2031 1861,2031 1859,2031 1858,2033 1828,2057 1651,2068 1630,2059 1628,2059 1626,2059 1624,2059 1573,2074 1525,2049 1513,2043 1511,2043 1509,2043 1507,2043 1488,2051 1463,2061 1453,2053 1447,2047 1445,2047 1443,2047 1441,2047 1336,2057 1342,2133"/>
        <Baseline points="1342,2133 1431,2119 1797,2107 2214,2061 2416,2055"/>
        <TextEquiv conf="0.9369731778899829">
          <Unicode>Pe hey remendes hu shn luch e7</Unicode>
        </TextEquiv>
      </TextLine>
      <TextLine id="eSc_line_b1310594" custom="structure {type:default;}">
        <Coords points="756,2284 756,2304 871,2308 873,2308 1068,2280 1093,2278 1107,2278 1190,2280 1192,2280 1194,2280 1196,2280 1212,2271 1225,2261 1286,2257 1315,2263 1330,2265 1332,2265 1334,2265 1348,2259 1379,2247 1431,2245 1445,2253 1451,2257 1453,2257 1455,2257 1457,2257 1513,2247 1608,2230 1618,2238 1618,2240 1620,2240 1622,2240 1624,2240 1626,2240 1630,2238 1663,2226 1686,2234 1690,2216 1684,2173 1636,2166 1634,2166 1632,2166 1630,2166 1618,2175 1616,2179 1558,2181 1554,2179 1542,2170 1540,2170 1538,2170 1536,2170 1535,2170 1505,2177 1484,2164 1482,2164 1480,2164 1478,2164 1439,2166 1418,2168 1416,2168 1414,2168 1414,2170 1394,2189 1387,2199 1305,2201 1295,2195 1286,2185 1284,2185 1282,2185 1280,2185 1278,2185 1276,2185 1258,2197 1237,2208 1202,2199 1167,2191 1165,2191 1163,2191 1161,2191 1126,2205 1073,2224 1044,2208 1029,2201 1027,2201 1025,2201 1023,2201 978,2212 976,2212 976,2214 955,2236 926,2236 898,2216 894,2212 893,2212 891,2212 889,2212 887,2212 885,2212 877,2218 844,2241 813,2222 813,2220 811,2220 809,2220 807,2220 750,2224 756,2284"/>
        <Baseline points="756,2284 982,2275 1455,2224 1690,2216"/>
        <TextEquiv conf="0.9582320811419651">
          <Unicode>verk, etej spiritent tis ment</Unicode>
        </TextEquiv>
      </TextLine>
      <TextLine id="eSc_line_c840bbbe" custom="structure {type:default;}">
        <Coords points="741,2422 741,2432 784,2446 786,2446 787,2446 869,2436 871,2436 873,2436 891,2424 894,2420 900,2422 931,2436 933,2436 935,2436 937,2436 982,2418 994,2415 1019,2416 1093,2422 1095,2422 1097,2422 1138,2409 1159,2403 1204,2405 1293,2411 1295,2411 1297,2411 1299,2411 1313,2399 1328,2387 1457,2389 1459,2389 1628,2366 1710,2376 1717,2376 1719,2376 1721,2376 1725,2374 1766,2356 1784,2364 1786,2364 1787,2364 1912,2346 1966,2360 1968,2360 1970,2360 1972,2360 1974,2360 2013,2341 2046,2356 2048,2356 2050,2356 2052,2356 2252,2343 2252,2321 2243,2251 2163,2259 2144,2257 2070,2247 2068,2247 2066,2247 2005,2267 1955,2284 1875,2288 1852,2278 1822,2265 1821,2265 1819,2265 1817,2265 1815,2265 1786,2282 1760,2298 1702,2300 1686,2290 1684,2290 1682,2290 1680,2290 1679,2290 1622,2306 1597,2296 1585,2290 1583,2290 1581,2290 1579,2290 1554,2298 1513,2311 1484,2304 1451,2294 1449,2294 1447,2294 1377,2296 1249,2319 1237,2321 1233,2321 1202,2310 1200,2310 1198,2310 1196,2310 1194,2310 1175,2325 1155,2339 1105,2329 1048,2319 1046,2319 1011,2323 1009,2323 1007,2323 990,2337 982,2345 970,2339 941,2327 939,2327 937,2327 935,2327 906,2343 877,2360 819,2362 791,2352 774,2345 772,2345 770,2345 768,2345 735,2354 741,2422"/>
        <Baseline points="741,2422 1128,2399 1552,2354 2035,2325 2252,2321"/>
        <TextEquiv conf="0.9222412717585661">
          <Unicode>hken te lookes vank, he dornot sa Chana, hydjats,</Unicode>
        </TextEquiv>
      </TextLine>
      <TextLine id="eSc_line_fcf18036" custom="structure {type:default;}">
        <Coords points="749,2527 749,2545 1005,2529 1007,2529 1013,2527 1046,2514 1175,2514 1179,2514 1180,2514 1182,2514 1268,2490 1334,2498 1336,2498 1457,2481 1476,2490 1486,2496 1488,2496 1490,2496 1544,2486 1659,2463 1821,2463 1822,2463 1891,2448 1904,2457 1914,2465 1916,2465 1918,2465 1920,2465 1922,2465 1957,2453 2001,2440 2066,2446 2116,2450 2118,2450 2120,2450 2155,2438 2188,2428 2227,2432 2229,2416 2223,2366 2200,2356 2198,2356 2196,2356 2194,2356 2192,2356 2173,2370 2157,2381 2077,2385 2058,2376 2017,2358 2015,2358 2013,2358 1908,2380 1861,2368 1859,2368 1858,2368 1856,2368 1803,2389 1764,2407 1723,2395 1712,2391 1710,2391 1708,2391 1706,2391 1704,2391 1700,2395 1677,2415 1626,2416 1579,2403 1564,2397 1562,2397 1560,2397 1527,2405 1501,2411 1494,2407 1476,2395 1474,2395 1472,2395 1470,2395 1369,2401 1367,2401 1330,2415 1270,2438 1215,2420 1198,2416 1196,2416 1194,2416 1145,2424 1095,2436 1093,2436 1091,2436 1070,2455 988,2459 959,2444 957,2444 955,2444 953,2444 883,2467 830,2461 807,2444 807,2442 805,2442 803,2442 801,2442 741,2446 749,2527"/>
        <Baseline points="749,2527 1040,2510 1389,2467 2229,2416"/>
        <TextEquiv conf="0.9267195868630742">
          <Unicode>wgdifte: te doen reit Re pai- enkntaptvacat</Unicode>
        </TextEquiv>
      </TextLine>
      <TextLine id="eSc_line_b4377f83" custom="structure {type:default;}">
        <Coords points="743,2617 743,2634 758,2646 760,2646 762,2646 764,2646 766,2646 768,2646 784,2634 854,2644 856,2644 857,2644 859,2644 881,2626 937,2636 939,2636 941,2636 1005,2619 1005,2603 1000,2568 955,2570 953,2570 937,2558 935,2558 933,2558 931,2558 929,2558 906,2572 904,2572 900,2572 811,2549 809,2549 807,2549 760,2553 758,2553 756,2553 756,2555 739,2572 743,2617"/>
        <Baseline points="743,2617 1005,2603"/>
        <TextEquiv conf="0.9817472951752799">
          <Unicode>Cayiazn</Unicode>
        </TextEquiv>
      </TextLine>
      <TextLine id="eSc_line_0c9fcd39" custom="structure {type:default;}">
        <Coords points="1060,2591 1062,2609 1128,2588 1161,2601 1163,2601 1165,2601 1167,2601 1169,2601 1266,2576 1420,2582 1466,2582 1468,2582 1470,2582 1490,2576 1538,2558 1581,2568 1603,2572 1605,2572 1607,2572 1620,2564 1649,2551 1696,2558 1698,2558 1700,2558 1706,2558 1778,2543 1795,2551 1803,2555 1805,2555 1807,2555 1809,2555 1811,2555 1819,2549 1836,2539 1871,2545 1875,2545 1877,2545 1879,2545 1881,2545 1908,2533 1920,2541 1926,2547 1928,2547 1930,2547 1931,2547 1933,2547 1957,2539 1976,2531 1990,2535 2017,2545 2019,2545 2021,2545 2023,2545 2083,2527 2083,2514 2079,2479 1996,2473 1994,2473 1928,2485 1906,2471 1904,2471 1902,2471 1900,2471 1821,2477 1819,2477 1817,2477 1791,2494 1782,2502 1550,2514 1535,2508 1507,2498 1505,2498 1503,2498 1474,2500 1472,2500 1470,2500 1470,2502 1459,2512 1451,2523 1365,2523 1358,2518 1340,2510 1338,2510 1336,2510 1334,2510 1332,2510 1332,2512 1330,2512 1324,2520 1315,2531 1272,2523 1233,2516 1231,2516 1054,2533 1060,2591"/>
        <Baseline points="1060,2591 1365,2555 2083,2514"/>
        <TextEquiv conf="0.9596868732145855">
          <Unicode>4 lole- ea reveup en claimen</Unicode>
        </TextEquiv>
      </TextLine>
      <TextLine id="eSc_line_ba3a4379" custom="structure {type:default;}">
        <Coords points="754,2702 754,2716 1114,2698 1116,2698 1140,2687 1167,2673 1210,2681 1223,2683 1225,2683 1227,2683 1237,2679 1256,2669 1270,2677 1276,2679 1278,2679 1280,2679 1282,2679 1291,2675 1321,2660 1389,2665 1424,2669 1426,2669 1428,2669 1429,2669 1439,2661 1459,2648 1741,2636 1741,2623 1735,2564 1694,2566 1692,2566 1690,2566 1690,2568 1688,2568 1657,2601 1636,2601 1605,2578 1603,2574 1601,2574 1599,2574 1597,2574 1595,2574 1593,2574 1593,2576 1589,2578 1572,2593 1554,2582 1550,2580 1548,2580 1546,2580 1544,2580 1511,2588 1457,2599 1445,2593 1429,2586 1428,2586 1426,2586 1284,2595 1282,2595 1280,2595 1258,2613 1243,2625 1206,2619 1188,2617 1186,2617 1184,2617 1182,2617 1177,2623 1163,2634 1138,2628 1136,2628 1134,2628 1132,2628 1130,2628 1130,2630 1120,2640 992,2648 978,2642 961,2636 959,2636 957,2636 955,2636 953,2636 935,2648 933,2648 893,2630 891,2630 889,2630 887,2630 885,2630 848,2656 793,2644 791,2644 789,2644 750,2663 754,2702"/>
        <Baseline points="754,2702 1058,2685 1159,2665 1449,2634 1741,2623"/>
        <TextEquiv conf="0.8913196229508945">
          <Unicode>an Cerpeor, war t hen uit ta</Unicode>
        </TextEquiv>
      </TextLine>
      <TextLine id="eSc_line_643fd424" custom="structure {type:default;}">
        <Coords points="741,2790 741,2801 1029,2766 1052,2774 1060,2776 1062,2776 1064,2776 1066,2776 1083,2770 1155,2747 1200,2759 1212,2763 1214,2763 1215,2763 1217,2763 1231,2757 1270,2737 1301,2747 1303,2747 1305,2747 1307,2747 1346,2731 1428,2731 1435,2737 1443,2743 1445,2743 1447,2743 1449,2743 1494,2739 1496,2739 1498,2739 1509,2730 1523,2720 1579,2722 1653,2726 1655,2726 1858,2700 1859,2700 1879,2693 1906,2683 1947,2687 1978,2689 1980,2689 1982,2689 2000,2681 2019,2671 2214,2660 2214,2640 2210,2613 2173,2590 2171,2590 2169,2590 2167,2590 1961,2605 1959,2605 1896,2636 1871,2648 1801,2642 1682,2630 1680,2630 1679,2630 1677,2630 1677,2632 1655,2652 1636,2669 1503,2679 1478,2663 1468,2656 1466,2656 1465,2656 1463,2656 1461,2656 1459,2656 1449,2665 1437,2675 1410,2667 1408,2667 1406,2667 1404,2667 1402,2667 1402,2669 1387,2681 1328,2681 1326,2681 1324,2681 1297,2693 1229,2679 1190,2671 1188,2671 1186,2671 1157,2683 1085,2716 850,2735 787,2712 786,2712 733,2712 741,2790"/>
        <Baseline points="741,2790 902,2780 996,2757 1107,2745 1694,2702 1912,2675 2064,2644 2214,2640"/>
        <TextEquiv conf="0.9089222477406872">
          <Unicode>Caner es not hei cantsper; ar he ciden: he oekes.</Unicode>
        </TextEquiv>
      </TextLine>
      <TextLine id="eSc_line_80c32eb3" custom="structure {type:default;}">
        <Coords points="764,2877 766,2899 945,2870 945,2860 941,2829 891,2833 875,2827 832,2809 830,2809 828,2809 756,2823 764,2877"/>
        <Baseline points="764,2877 945,2860"/>
        <TextEquiv conf="0.8820056617259979">
          <Unicode>Prle</Unicode>
        </TextEquiv>
      </TextLine>
      <TextLine id="eSc_line_d5cb2472" custom="structure {type:default;}">
        <Coords points="957,2854 957,2856 1058,2856 1060,2856 1062,2856 1062,2854 1070,2848 1079,2840 1097,2844 1118,2850 1120,2850 1122,2850 1124,2850 1155,2838 1169,2835 1175,2836 1196,2848 1198,2848 1200,2848 1202,2848 1235,2836 1256,2846 1258,2846 1260,2846 1262,2846 1264,2846 1282,2833 1307,2840 1309,2840 1311,2840 1552,2821 1554,2821 1614,2801 1698,2800 1700,2800 1702,2800 1702,2798 1717,2786 1752,2792 1754,2792 1756,2792 1758,2792 1776,2778 1782,2772 1797,2776 1813,2778 1815,2778 1817,2778 1848,2770 1896,2757 2097,2739 2126,2743 2161,2747 2163,2747 2165,2747 2186,2737 2202,2730 2249,2730 2251,2712 2247,2677 2182,2665 2180,2665 2099,2673 2097,2673 2095,2673 2073,2687 2021,2681 2019,2681 2017,2681 2015,2681 1984,2704 1976,2710 1966,2706 1928,2693 1926,2693 1924,2693 1922,2693 1920,2693 1896,2714 1891,2720 1830,2724 1824,2722 1811,2714 1809,2714 1807,2714 1805,2714 1770,2726 1756,2731 1751,2728 1721,2710 1719,2710 1717,2710 1715,2710 1675,2714 1673,2714 1605,2743 1593,2749 1507,2755 1503,2753 1480,2737 1478,2737 1476,2737 1474,2737 1441,2739 1439,2739 1391,2765 1385,2768 1328,2772 1322,2770 1278,2755 1276,2755 1274,2755 1272,2755 1192,2784 1188,2786 1184,2786 1149,2772 1147,2772 1145,2772 1143,2772 1107,2794 1105,2794 1101,2794 1007,2778 1005,2778 1003,2778 951,2805 957,2854"/>
        <Baseline points="957,2854 1038,2835 1383,2815 1665,2782 1842,2749 2251,2712"/>
        <TextEquiv conf="0.9587987819138695">
          <Unicode>Ià Ancerben, 4weg eMe mend, are eu</Unicode>
        </TextEquiv>
      </TextLine>
      <TextLine id="eSc_line_04bd001a" custom="structure {type:default;}">
        <Coords points="1704,2846 1704,2864 1998,2850 1998,2835 1994,2792 1966,2792 1947,2774 1947,2772 1945,2772 1943,2772 1941,2772 1939,2772 1896,2790 1854,2774 1852,2774 1850,2774 1848,2774 1846,2774 1819,2796 1752,2778 1751,2778 1749,2778 1747,2778 1700,2800 1704,2846"/>
        <Baseline points="1704,2846 1998,2835"/>
        <TextEquiv conf="0.914830394089222">
          <Unicode>Ue Beher</Unicode>
        </TextEquiv>
      </TextLine>
      <TextLine id="eSc_line_d782fcb2" custom="structure {type:default;}">
        <Coords points="805,2943 807,2971 945,2961 947,2961 953,2959 1001,2938 1087,2945 1118,2947 1120,2947 1122,2947 1145,2940 1198,2922 1252,2928 1268,2930 1270,2930 1272,2930 1286,2926 1311,2914 1394,2910 1400,2914 1414,2920 1416,2920 1418,2920 1482,2905 1482,2893 1478,2860 1418,2852 1416,2852 1361,2866 1350,2868 1344,2866 1289,2844 1287,2844 1286,2844 1231,2850 1229,2850 1227,2850 1194,2873 1188,2877 1184,2873 1155,2856 1153,2856 1151,2856 1149,2856 1120,2858 1118,2858 1116,2858 1116,2860 1114,2860 1099,2879 1089,2891 998,2897 953,2887 947,2885 945,2885 943,2885 941,2885 939,2885 937,2887 922,2901 887,2889 854,2879 852,2879 850,2879 848,2879 799,2893 805,2943"/>
        <Baseline points="805,2943 978,2936 1264,2905 1482,2893"/>
        <TextEquiv conf="0.9540625465543646">
          <Unicode>Greekes en he Roman</Unicode>
        </TextEquiv>
      </TextLine>
      <TextLine id="eSc_line_092ad42e" custom="structure {type:default;}">
        <Coords points="2068,2893 2068,2901 2190,2889 2190,2877 2180,2821 2060,2842 2068,2893"/>
        <Baseline points="2068,2893 2190,2877"/>
        <TextEquiv conf="0.9999064803123474">
          <Unicode>1d</Unicode>
        </TextEquiv>
      </TextLine>
      <TextLine id="eSc_line_1598a045" custom="structure {type:default;}">
        <Coords points="2282,2955 2284,2975 2363,2959 2361,2943 2356,2912 2274,2912 2282,2955"/>
        <Baseline points="2282,2955 2361,2943"/>
        <TextEquiv conf="0.9984920918941498">
          <Unicode>tn</Unicode>
        </TextEquiv>
      </TextLine>
      <TextLine id="eSc_line_a9609344" custom="structure {type:default;}">
        <Coords points="815,3037 819,3070 885,3046 924,3056 929,3058 931,3058 933,3058 935,3058 949,3054 1025,3027 1035,3037 1036,3037 1038,3037 1040,3037 1091,3037 1171,3033 1233,3017 1328,2996 1358,3002 1391,3010 1393,3010 1484,2992 1486,2992 1488,2992 1496,2986 1515,2973 1577,2975 1622,2976 1624,2976 1626,2976 1647,2967 1671,2955 1723,2957 1776,2959 1778,2959 1780,2959 1782,2959 1799,2947 1805,2943 1817,2945 1846,2951 1848,2951 1850,2951 1885,2938 1898,2930 1986,2924 1988,2924 2001,2934 2003,2934 2005,2934 2007,2934 2009,2934 2044,2916 2044,2899 2037,2846 1984,2852 1982,2852 1980,2852 1945,2875 1912,2862 1910,2862 1908,2862 1906,2862 1904,2862 1863,2887 1791,2893 1766,2875 1764,2875 1762,2875 1760,2875 1758,2875 1752,2877 1717,2891 1653,2889 1647,2889 1645,2889 1644,2889 1642,2889 1607,2914 1494,2924 1468,2908 1466,2906 1465,2906 1463,2906 1461,2906 1459,2906 1443,2912 1387,2932 1326,2926 1324,2926 1322,2926 1321,2926 1319,2926 1293,2947 1239,2951 1215,2938 1212,2934 1210,2934 1208,2934 1206,2934 1204,2934 1202,2934 1194,2940 1173,2957 1145,2945 1134,2941 1132,2941 1130,2941 1128,2941 1126,2941 1116,2949 1101,2961 1089,2951 1083,2947 1081,2947 1079,2947 1077,2947 1044,2951 1042,2951 1040,2951 1033,2959 1013,2973 949,2967 929,2967 928,2967 926,2967 924,2967 918,2971 889,2988 856,2978 844,2975 842,2975 840,2975 838,2975 809,2982 815,3037"/>
        <Baseline points="815,3037 1426,2982 1762,2930 2044,2899"/>
        <TextEquiv conf="0.8930010430274471">
          <Unicode>In Me bach par chs men veend Me</Unicode>
        </TextEquiv>
      </TextLine>
      <TextLine id="eSc_line_0b93e0e9" custom="structure {type:default;}">
        <Coords points="826,3120 826,3140 963,3142 965,3142 966,3142 968,3142 976,3136 1003,3116 1056,3122 1058,3122 1140,3107 1254,3107 1286,3124 1287,3124 1289,3124 1291,3124 1293,3124 1297,3122 1317,3113 1328,3122 1330,3122 1332,3122 1334,3122 1398,3118 1398,3087 1394,3050 1346,3033 1344,3033 1342,3033 1301,3037 1299,3037 1297,3037 1297,3039 1278,3056 1270,3064 1089,3068 1079,3064 1070,3058 1068,3058 1066,3058 1064,3058 1046,3064 1017,3076 1007,3066 994,3054 992,3054 990,3054 961,3054 959,3054 957,3054 955,3054 955,3056 941,3068 939,3072 935,3068 929,3066 928,3066 926,3066 924,3066 922,3066 918,3070 904,3078 896,3070 885,3060 883,3060 881,3060 879,3060 822,3072 826,3120"/>
        <Baseline points="826,3120 1122,3103 1278,3103 1398,3087"/>
        <TextEquiv conf="0.825617177919908">
          <Unicode>penk N 7het</Unicode>
        </TextEquiv>
      </TextLine>
      <TextLine id="eSc_line_61790d9b" custom="structure {type:default;}">
        <Coords points="1429,3078 1429,3081 1653,3070 1655,3070 1743,3043 1793,3050 1795,3050 1797,3050 1871,3025 1926,3033 1928,3033 1930,3033 1931,3033 1955,3013 1992,3023 1994,3023 1996,3023 1998,3023 2000,3023 2019,3010 2066,3010 2068,3010 2070,3010 2072,3010 2072,3008 2073,3008 2079,3000 2093,3006 2095,3006 2097,3006 2099,3006 2171,2984 2204,2994 2206,2994 2208,2994 2210,2994 2212,2994 2245,2973 2245,2965 2239,2928 2128,2918 2126,2918 2124,2918 2122,2918 2122,2920 2107,2932 2077,2926 2075,2926 2073,2926 2072,2926 2072,2928 2070,2928 2050,2955 1955,2967 1953,2967 1887,2951 1885,2951 1883,2951 1852,2965 1782,2965 1780,2965 1778,2965 1776,2965 1723,2998 1721,3000 1708,3000 1636,3004 1614,2988 1612,2988 1610,2988 1608,2988 1607,2988 1605,2988 1572,3015 1525,3006 1523,3006 1521,3006 1422,3037 1429,3078"/>
        <Baseline points="1429,3078 1684,3048 1791,3023 2099,2978 2245,2965"/>
        <TextEquiv conf="0.9386191169420878">
          <Unicode>olcapin Mn rame placi</Unicode>
        </TextEquiv>
      </TextLine>
      <TextLine id="eSc_line_0bab6bed" custom="structure {type:default;}">
        <Coords points="1605,3124 1605,3142 1807,3120 1869,3142 1879,3144 1881,3144 1883,3144 1885,3144 1891,3140 1924,3122 1949,3140 1951,3140 1953,3140 1955,3140 2021,3138 2021,3103 2013,3045 1966,3046 1965,3046 1963,3046 1933,3072 1881,3052 1877,3052 1875,3052 1873,3052 1871,3052 1869,3052 1867,3054 1838,3076 1801,3066 1799,3066 1797,3066 1795,3066 1743,3083 1601,3074 1605,3124"/>
        <Baseline points="1605,3124 1717,3113 2021,3103"/>
        <TextEquiv conf="0.9658793466431754">
          <Unicode>n alutr</Unicode>
        </TextEquiv>
      </TextLine>
      <TextLine id="eSc_line_52b5120e" custom="structure {type:default;}">
        <Coords points="2077,3072 2079,3097 2346,3054 2346,3039 2336,2998 2280,3011 2260,3010 2229,3008 2227,3008 2225,3008 2165,3025 2145,3031 2138,3031 2087,3025 2085,3025 2083,3025 2081,3025 2081,3027 2079,3027 2072,3035 2077,3072"/>
        <Baseline points="2077,3072 2346,3039"/>
        <TextEquiv conf="0.9372969184603009">
          <Unicode>ne Ula.</Unicode>
        </TextEquiv>
      </TextLine>
      <TextLine id="eSc_line_d51e6749" custom="structure {type:default;}">
        <Coords points="854,3223 854,3237 951,3229 951,3214 941,3155 922,3157 914,3151 893,3134 891,3134 889,3134 887,3134 885,3134 844,3144 854,3223"/>
        <Baseline points="854,3223 951,3214"/>
        <TextEquiv conf="0.9422802925109863">
          <Unicode>2i</Unicode>
        </TextEquiv>
      </TextLine>
      <TextLine id="eSc_line_d414cbee" custom="structure {type:default;}">
        <Coords points="986,3204 988,3223 1490,3167 1490,3151 1480,3111 980,3165 986,3204"/>
        <Baseline points="986,3204 1186,3190 1490,3151"/>
        <TextEquiv conf="0.9428695837656657">
          <Unicode>meid hate</Unicode>
        </TextEquiv>
      </TextLine>
      <TextLine id="eSc_line_26247d70" custom="structure {type:default;}">
        <Coords points="2147,3165 2147,3175 2212,3198 2214,3198 2216,3198 2256,3194 2258,3194 2260,3194 2286,3171 2286,3157 2280,3095 2214,3087 2212,3087 2210,3087 2208,3087 2208,3089 2184,3115 2180,3120 2144,3122 2147,3165"/>
        <Baseline points="2147,3165 2286,3157"/>
        <TextEquiv conf="0.9972669184207916">
          <Unicode>te</Unicode>
        </TextEquiv>
      </TextLine>
      <TextLine id="eSc_line_1aa2c473" custom="structure {type:default;}">
        <Coords points="871,3317 873,3346 1064,3336 1066,3336 1103,3323 1165,3301 1198,3313 1215,3319 1217,3319 1219,3319 1221,3319 1223,3319 1237,3309 1256,3297 1321,3299 1346,3299 1348,3299 1350,3299 1352,3299 1356,3295 1377,3282 1443,3286 1457,3286 1459,3286 1461,3286 1472,3282 1503,3274 1525,3276 1570,3284 1572,3284 1573,3284 1616,3266 1628,3262 1636,3264 1682,3278 1684,3278 1686,3278 1688,3278 1690,3278 1715,3256 1723,3251 1770,3251 1832,3251 1832,3249 1834,3249 1859,3239 1875,3235 1883,3237 1931,3255 1933,3255 1935,3255 1937,3255 1968,3241 1998,3247 2000,3247 2001,3247 2073,3216 2073,3192 2070,3163 2050,3150 2048,3150 2046,3150 2044,3150 2042,3150 2040,3150 2040,3151 2023,3167 2013,3177 1951,3181 1933,3175 1900,3161 1898,3161 1896,3161 1830,3167 1828,3167 1826,3167 1826,3169 1824,3169 1813,3183 1799,3200 1659,3212 1603,3202 1601,3202 1599,3202 1573,3214 1550,3204 1544,3202 1542,3202 1540,3202 1538,3202 1531,3206 1513,3216 1500,3208 1488,3200 1486,3200 1484,3200 1482,3200 1433,3204 1431,3204 1429,3204 1418,3214 1393,3237 1359,3220 1348,3214 1346,3214 1344,3214 1342,3214 1319,3221 1286,3233 1266,3225 1251,3221 1249,3221 1247,3221 1245,3221 1243,3221 1235,3229 1200,3255 1157,3247 1155,3247 1153,3247 1079,3266 1031,3253 1029,3253 1027,3253 1025,3253 1023,3253 994,3276 959,3278 902,3255 900,3255 898,3255 863,3256 871,3317"/>
        <Baseline points="871,3317 1801,3231 2031,3206 2073,3192"/>
        <TextEquiv conf="0.9700227613959994">
          <Unicode>e Guar portes that men chann</Unicode>
        </TextEquiv>
      </TextLine>
    </TextRegion>
  </Page>
</PcGts>
