2777 3500
919 116 993 190 16
917 237 2160 305 at Harvest time the God was "orshipped in the
917 334 2426 408 sheaf of corn; how thamayaknaexuxsx the God vas in the
931 439 2430 519 1ay tree--how in the dances and songs that childre sing
921 552 2588 624 the old Gods were worshipped, and served. In these dressings
915 661 2623 740 up at thamgnxx midsumner, at Christmas the Mn lish rememberig~
919 770 2460 840 the Gods who were there when the stones were set on end
937 878 2460 943 at Amesbury, at 3tonehenge, celebrated their gods; and
915 989 2514 1051 at the same tiem gave shape to to the desire to cease, for
919 1092 2588 1172 that one day, from the pertual fight; to be free; to be soa
919 1207 2489 1281 ting; to act in their own persons the inner joy; to malke
915 1314 2537 1384 something which had no reason, no use. The schloars tell us
917 1423 2491 1501 that though t e e actors, presumably because they slipped
913 1528 2590 1610 from the common task, and often made mock of it, vere despsed
913 1639 2460 1718 despised, yet the great had so much of the common desire
912 1746 2586 1829 in them that Xings and Queens must have their minstresl, ther
913 1860 2397 1934 dancers and singers. Rven the Church, conscious as the
910 1967 2351 2043 preists vere that it was not theirGod but some pagan
912 2074 2512 2150 wn was thus hinoured, could not suppress the minstrels and
912 2181 2584 2263 and the rhyners, the mummers, the jugglers, the bear leaders
912 2292 2209 2368 who came into the village, vho even acted t eir
939 2403 1614 2473 parts in the churchyard.
1295 2506 2584 2586 This was the other bed between the great house
912 2615 2456 2695 and the cottage. In the noble, as in the pe asnt, a half
912 2733 2477 2801 conscious, anonymous voice mur ured af . The vell and the
917 2836 2403 2910 tree vere still hamuted : Some o d woman in her hovel
912 2940 2551 3019 was still to the King even the vessel of an umelean spir  t.
970 3048 2370 3128 She mowed and mobbed and plucked her chin. When the
941 3155 2479 3241 p41liwinks were appied to her, she confessed how she had
