2773 3500
900 122 974 188 28
898 231 2516 303 natures of Princes; vith the arts by vhich rulers can sway,
902 338 2339 404 can coax, and can suppress. Re lives netirely in the
902 453 2578 517 world of great spirits and great business. Phe common people
902 560 2524 628 is contemptible. "The master of superstition is the Peopoe.
900 668 2450 746 Praise " if it be from the common people, it is commnply
902 779 2526 849 false and naught. The lowest virtues draw priase from them;
904 894 2576 958 the middle virtues vork in them astonihsment; and admiration;
904 1015 2562 1071 but of the highest vertues they have no sense or perceibging
906 1112 1207 1182 at all..."
985 1217 2516 1283 The soul that valked betveen delicate groves keeps to a
904 1330 2574 1398 narrow path betveen hedges. Vhile Montaigne ranged the vorld,
904 1438 2467 1508 micing garrulously vith everyone, and speculating freely,
917 1545 2349 1610 acon kept to the narrov path. Yet even in the shade
906 1658 2582 1724 his thought is embodied. His deep meditaions are given visiba
931 1763 2576 1843 xEaxx concrete form. "Nay tretire men cannot vhen they vould:
906 1872 2428 1940 neither vill they when it vere reason; bu are impateint
908 1983 2479 2057 of privateness even in age and sickness vhich require the
913 2088 2584 2162 Suadov; Like old Tomnsmen that vill still be sitting at thef
910 2206 2389 2278 street door , though there ty they offer Age to scorn."
569 2372 2193 2479 l e leu fivl fuw leut las (uhlsqut wu
1116 2319 2415 2387 ven in the delicate grove thought is coloured.
785 2448 2265 2582 sc, aehalien, à a seuuss e da hsle-́ten
908 2693 2475 2772 His contemtp vas fr hyperbole; not for the art of speech.
910 2807 2584 2873 He vas teaching the ranting players to speak slowly, closely
913 2920 2559 2986 subtly. He vas proving that there is another kind of poetry,
915 3027 2590 3095 thepoetry of prose. He vas doing his part to bring the critik̀
1866 2971 2487 3048 MA-au ue tjg fhu tia4
898 3081 2236 3163 4tt 4~h~~ ~~ ~~~~~~ ~~ ~~ ~~~~~~
900 3138 2391 3214 faculty into being. He vas making an end of anonymity.
