<?xml version="1.0" encoding="UTF-8"  standalone="yes"?>
<PcGts xmlns="http://schema.primaresearch.org/PAGE/gts/pagecontent/2019-07-15" xmlns:xsi="http://www.w3.org/2001/XMLSchema-instance" xsi:schemaLocation="http://schema.primaresearch.org/PAGE/gts/pagecontent/2019-07-15 http://schema.primaresearch.org/PAGE/gts/pagecontent/2019-07-15/pagecontent.xsd">
  <Metadata>
	<Creator>escriptorium</Creator>
	<Created>2024-05-16T13:11:41.723829+00:00</Created>
        <LastChange>2024-05-16T13:18:19.629780+00:00</LastChange>
  </Metadata>
  <Page imageFilename="m110-9.tif" imageWidth="2771" imageHeight="3500">
    <TextRegion id="eSc_dummyblock_">
      <TextLine id="eSc_line_64243021" custom="structure {type:default;}">
        <Coords points="943,278 941,295 958,305 960,305 962,305 964,305 1127,295 1139,295 1147,295 1221,307 1223,307 1353,299 1411,297 1421,301 1437,309 1438,309 1440,309 1553,303 1664,299 1932,311 1936,285 1936,250 943,241 943,278"/>
        <Baseline points="943,278 1936,285"/>
        <TextEquiv conf="0.9812103824483024">
          <Unicode>Now we note the beauty of the vords.</Unicode>
        </TextEquiv>
      </TextLine>
      <TextLine id="eSc_line_281e82c3" custom="structure {type:default;}">
        <Coords points="2498,363 2479,363 2459,361 2440,361 2420,359 2401,359 2397,357 945,355 945,390 943,414 2508,418 2512,394 2510,363 2498,363"/>
        <Baseline points="945,390 2512,394"/>
        <TextEquiv conf="0.9803930050448367">
          <Unicode>But often it is a suspended, derelict beauty. Chaos inter</Unicode>
        </TextEquiv>
      </TextLine>
      <TextLine id="eSc_line_f2f49a5e" custom="structure {type:default;}">
        <Coords points="947,499 945,513 1034,528 1036,528 1118,517 1160,528 1162,528 1164,528 1221,517 1227,517 1234,517 1283,528 1285,528 1287,528 1314,519 1322,517 1341,519 1398,526 1400,526 1456,521 1495,517 1538,523 1608,530 1610,530 1660,523 1693,519 1709,525 1726,530 1728,530 1730,532 1890,532 1890,530 1892,530 1894,530 1899,526 1911,519 1925,526 1927,528 1929,528 1930,528 1932,528 1965,526 2123,519 2142,530 2144,530 2146,530 2148,532 2265,532 2267,503 2263,462 947,464 947,499"/>
        <Baseline points="947,499 2267,503"/>
        <TextEquiv conf="0.9774651862680912">
          <Unicode>venes. The rl ation of part to part is outraged.</Unicode>
        </TextEquiv>
      </TextLine>
      <TextLine id="eSc_line_6213005e" custom="structure {type:default;}">
        <Coords points="945,606 943,630 2582,637 2586,618 2586,585 2432,571 2430,571 2385,579 2189,569 2187,569 2185,569 2158,577 2154,579 2152,577 2139,569 2137,569 2135,569 2133,569 2131,569 2105,577 2104,577 2084,577 1919,567 1917,567 1866,573 1837,577 1823,573 1806,567 1804,567 1802,567 1750,571 1715,575 1709,571 1701,565 1699,565 1697,565 1520,565 1518,565 1516,565 1508,569 1493,575 1477,567 1468,563 1466,563 1464,563 1376,567 1219,573 945,561 945,606"/>
        <Baseline points="945,606 2586,618"/>
        <TextEquiv conf="0.9881112356980641">
          <Unicode>The balance is imperfect. Here is profusion; there bareness.</Unicode>
        </TextEquiv>
      </TextLine>
      <TextLine id="eSc_line_f8b4a048" custom="structure {type:default;}">
        <Coords points="948,717 947,733 1017,744 1018,744 1440,740 1584,738 1602,742 1639,748 1641,748 1742,742 1804,740 2566,752 2570,727 2568,690 2117,678 2115,678 2076,682 2039,688 2000,682 1973,678 1971,678 1969,678 1956,682 1929,688 1860,680 1818,676 1816,676 1748,678 1610,686 1578,676 1569,674 1567,674 1565,674 1563,674 1557,676 1538,684 1390,674 1368,674 1367,674 1359,674 1273,684 1178,672 1172,672 1170,672 1162,672 1028,682 948,670 948,717"/>
        <Baseline points="948,717 2570,727"/>
        <TextEquiv conf="0.9840255177627175">
          <Unicode>The anony ous playvright is irresponsible. He cares nothing</Unicode>
        </TextEquiv>
      </TextLine>
      <TextLine id="eSc_line_0bb81fa1" custom="structure {type:default;}">
        <Coords points="943,830 941,853 2560,855 2564,838 2562,803 2516,791 2514,791 2512,791 2487,801 2483,801 2319,791 2317,791 2265,799 2255,801 2244,799 2195,791 2193,791 2191,791 2172,799 2168,801 2164,799 2148,789 2146,789 2144,789 2142,789 2090,799 2082,799 2074,799 2000,789 1999,789 1950,797 1936,801 1773,801 1767,797 1755,787 1753,787 1752,787 1750,787 1689,795 1674,797 1658,795 1594,787 1487,787 1485,787 1483,787 1481,787 1472,793 1464,799 1365,799 1359,793 1351,785 1349,785 1347,785 1345,785 1279,793 1254,795 1227,793 1170,785 1168,785 1166,785 1153,791 1145,795 943,791 943,830"/>
        <Baseline points="943,830 2564,838"/>
        <TextEquiv conf="0.9884766734252541">
          <Unicode>has no conscieince about truth; he cares only for the plot.</Unicode>
        </TextEquiv>
      </TextLine>
      <TextLine id="eSc_line_2c7c14ac" custom="structure {type:default;}">
        <Coords points="941,939 939,964 2452,966 2455,948 2454,906 941,896 941,939"/>
        <Baseline points="941,939 2455,948"/>
        <TextEquiv conf="0.9825215437195518">
          <Unicode>Ne are left in the end vithout an end. The emotion is e</Unicode>
        </TextEquiv>
      </TextLine>
      <TextLine id="eSc_line_65eaf234" custom="structure {type:default;}">
        <Coords points="943,1050 941,1069 983,1085 985,1085 987,1085 1026,1077 1048,1073 1067,1081 1083,1086 1085,1086 1087,1088 1155,1088 1157,1053 1157,1018 943,1013 943,1050"/>
        <Baseline points="943,1050 1157,1053"/>
        <TextEquiv conf="0.9931401780673436">
          <Unicode>Wasted.</Unicode>
        </TextEquiv>
      </TextLine>
      <TextLine id="eSc_line_c97371aa" custom="structure {type:default;}">
        <Coords points="2605,1127 1946,1127 1929,1120 1925,1118 1923,1118 1753,1116 1752,1116 1750,1116 1742,1118 1709,1125 1641,1116 1631,1116 1629,1116 1627,1116 1625,1116 1600,1125 1565,1116 1563,1116 1561,1116 1559,1116 1534,1125 1491,1114 1485,1114 1483,1114 1481,1114 1446,1114 1199,1123 1160,1112 1158,1160 1157,1178 1230,1190 1232,1190 1361,1180 1374,1180 1376,1180 1398,1190 1400,1190 1402,1190 1403,1190 1405,1190 1417,1180 1419,1180 1431,1180 1505,1190 1507,1190 1508,1190 1510,1190 1520,1182 1522,1180 1532,1182 1586,1191 1588,1191 1697,1182 1713,1182 1718,1182 1746,1191 1748,1191 1750,1191 1752,1191 1785,1184 1792,1182 1823,1184 1969,1193 1971,1193 1973,1193 1997,1184 2000,1184 2012,1184 2086,1193 2088,1193 2203,1186 2242,1184 2245,1186 2257,1195 2259,1195 2261,1195 2263,1195 2615,1188 2617,1168 2613,1135 2605,1127"/>
        <Baseline points="1158,1160 2617,1168"/>
        <TextEquiv conf="0.9924921056009689">
          <Unicode>But graudally the mist withdra&quot;s. So many playwrgihts</Unicode>
        </TextEquiv>
      </TextLine>
      <TextLine id="eSc_line_9c332cc3" custom="structure {type:default;}">
        <Coords points="943,1269 941,1285 1009,1296 1011,1296 1664,1291 1682,1300 1683,1300 1685,1300 1687,1300 1979,1293 2041,1302 2043,1302 2401,1293 2403,1277 2401,1234 943,1234 943,1269"/>
        <Baseline points="943,1269 2403,1277"/>
        <TextEquiv conf="0.9867648230149195">
          <Unicode>are explroing So many private people are pressing up</Unicode>
        </TextEquiv>
      </TextLine>
      <TextLine id="eSc_line_2f9fc9cd" custom="structure {type:default;}">
        <Coords points="948,1380 947,1394 997,1405 999,1405 1631,1400 1674,1409 1676,1409 1678,1409 2401,1401 2403,1388 2403,1353 2358,1341 2356,1341 2354,1341 2117,1349 2039,1351 1884,1351 1878,1347 1868,1339 1866,1339 1864,1339 1862,1339 1781,1345 1728,1349 1713,1345 1695,1339 1693,1339 1691,1339 1689,1339 1687,1339 1682,1345 1676,1349 1652,1343 1621,1337 1619,1337 1540,1343 1477,1347 1466,1341 1454,1337 1452,1337 948,1337 948,1380"/>
        <Baseline points="948,1380 2403,1388"/>
        <TextEquiv conf="0.9878181938855153">
          <Unicode>their veight of unepxpressed emotion upon the vriters</Unicode>
        </TextEquiv>
      </TextLine>
      <TextLine id="eSc_line_ebc92312" custom="structure {type:default;}">
        <Coords points="943,1489 941,1505 966,1514 968,1514 970,1514 1248,1506 1265,1516 1267,1516 1269,1516 1271,1516 1555,1508 1578,1518 1580,1518 1582,1518 2537,1512 2539,1499 2539,1462 2496,1452 2494,1452 2492,1452 2312,1462 2292,1462 2280,1462 2179,1450 2177,1450 2113,1460 2111,1460 2109,1460 2024,1450 2022,1450 1720,1458 1689,1458 1687,1458 1676,1448 1674,1448 1672,1448 1670,1448 1596,1458 1584,1458 1571,1458 1491,1446 1489,1446 1487,1446 1462,1456 1460,1456 1458,1456 1411,1446 1409,1446 1353,1456 1345,1456 1330,1456 1219,1446 1217,1446 1168,1454 1166,1454 1155,1444 1153,1444 1151,1444 1149,1444 943,1452 943,1489"/>
        <Baseline points="943,1489 2539,1499"/>
        <TextEquiv conf="0.9899412609379867">
          <Unicode>consciou sess. Country squires are finding themsleves able</Unicode>
        </TextEquiv>
      </TextLine>
      <TextLine id="eSc_line_5db66d15" custom="structure {type:default;}">
        <Coords points="945,1598 943,1610 1083,1623 1085,1623 1087,1623 1122,1613 1343,1625 1345,1625 1347,1625 1388,1615 1448,1625 1450,1625 1549,1615 1563,1615 1571,1615 1623,1627 1625,1627 1752,1617 1771,1617 1794,1617 1954,1629 1956,1629 1958,1629 1991,1619 1995,1619 2000,1619 2032,1629 2034,1629 2035,1629 2236,1621 2238,1606 2236,1573 2018,1559 2016,1559 1956,1569 1946,1571 1942,1569 1915,1557 1913,1557 1911,1557 1808,1569 1796,1569 1777,1569 1590,1555 1588,1555 1586,1555 1584,1555 1571,1567 1557,1555 1555,1555 1553,1555 1419,1555 1417,1555 1415,1555 1413,1555 1402,1565 1400,1567 1398,1565 1376,1555 1374,1555 1372,1555 1370,1555 1368,1555 1355,1565 1351,1567 1345,1565 1312,1555 1310,1555 1308,1555 1262,1565 1256,1567 1193,1567 1190,1563 1176,1553 1174,1553 1172,1553 1170,1553 1168,1553 1141,1563 1135,1565 945,1563 945,1598"/>
        <Baseline points="945,1598 2238,1606"/>
        <TextEquiv conf="0.9759901825417864">
          <Unicode>to say vhat they think vithout quoting Spenser.</Unicode>
        </TextEquiv>
      </TextLine>
      <TextLine id="eSc_line_1210eb2a" custom="structure {type:default;}">
        <Coords points="950,1709 948,1724 2323,1734 2327,1715 2325,1680 2259,1680 2257,1678 2244,1666 2242,1666 2240,1666 2238,1666 2236,1666 2207,1678 2205,1678 2203,1678 2181,1666 2179,1666 2177,1666 2051,1676 2012,1678 2006,1674 1997,1666 1995,1666 1993,1666 1921,1666 1919,1666 1917,1666 1894,1674 1878,1678 1740,1678 1724,1672 1703,1664 1701,1664 1699,1664 1602,1670 1491,1676 1464,1668 1450,1664 1448,1664 1446,1664 1444,1664 1435,1668 1409,1676 1333,1666 1312,1664 1310,1664 1297,1666 1250,1674 1203,1664 1188,1662 1186,1662 1184,1662 1176,1664 1137,1674 950,1662 950,1709"/>
        <Baseline points="950,1709 2327,1715"/>
        <TextEquiv conf="0.9953067594883489">
          <Unicode>The curatin rises incesaantly upon play after play.</Unicode>
        </TextEquiv>
      </TextLine>
      <TextLine id="eSc_line_5189d348" custom="structure {type:default;}">
        <Coords points="2314,1715 2308,1715 2234,1732 2150,1715 2148,1715 2146,1715 2096,1732 2065,1724 2063,1724 2061,1724 1903,1736 1693,1736 1629,1715 1625,1715 1623,1715 1621,1715 1619,1715 1615,1715 1557,1736 1505,1736 1489,1722 1487,1722 1485,1722 1483,1722 1481,1722 1458,1730 1440,1716 1435,1713 1419,1713 1407,1716 1359,1736 1248,1736 1225,1718 1217,1713 1215,1713 1213,1713 1211,1713 1182,1718 1157,1724 1139,1718 1114,1711 1112,1711 1110,1711 1108,1711 1077,1718 1026,1734 1003,1720 993,1713 991,1713 989,1713 987,1713 985,1713 972,1718 974,1765 974,1771 1005,1786 1007,1786 1009,1786 1011,1786 1036,1777 1053,1790 1055,1790 1057,1790 1059,1790 1186,1781 1300,1790 1302,1790 1402,1773 1454,1790 1456,1790 1458,1790 1460,1790 1508,1771 1538,1785 1540,1785 1542,1785 1623,1777 1687,1788 1689,1788 1691,1788 1730,1777 1750,1790 1752,1790 1753,1790 1755,1792 1814,1792 1814,1790 1816,1790 1878,1773 2010,1788 2012,1790 2323,1790 2323,1788 2325,1788 2327,1788 2358,1769 2360,1769 2570,1769 2572,1740 2568,1709 2343,1709 2341,1709 2333,1709 2314,1713 2314,1715"/>
        <Baseline points="974,1765 2191,1765 2294,1761 2376,1748 2572,1740"/>
        <TextEquiv conf="0.8457090374210785">
          <Unicode>1—4 c lhuuwe 1 ellt fle, -uaes ue A lgtt feu-l, L, hukrere</Unicode>
        </TextEquiv>
      </TextLine>
      <TextLine id="eSc_line_2953dc34" custom="structure {type:default;}">
        <Coords points="945,1816 943,1831 956,1841 958,1841 960,1841 962,1841 2481,1835 2483,1821 2481,1788 945,1783 945,1816"/>
        <Baseline points="945,1816 2483,1821"/>
        <TextEquiv conf="0.9971071694578443">
          <Unicode>After it has risen again and again it rises finally upon</Unicode>
        </TextEquiv>
      </TextLine>
      <TextLine id="eSc_line_38c0938e" custom="structure {type:default;}">
        <Coords points="2564,1742 2545,1742 2537,1742 2525,1750 2527,1785 2527,1806 2597,1820 2599,1820 2665,1808 2665,1781 2662,1753 2564,1740 2564,1742"/>
        <Baseline points="2527,1785 2665,1781"/>
        <TextEquiv conf="0.8755649089813232">
          <Unicode>auua.</Unicode>
        </TextEquiv>
      </TextLine>
      <TextLine id="eSc_line_dfdd0d40" custom="structure {type:default;}">
        <Coords points="939,1925 937,1940 966,1952 968,1952 970,1952 2018,1948 2059,1958 2061,1958 2063,1958 2399,1948 2401,1932 2401,1888 2296,1888 2294,1888 2292,1888 2290,1888 2275,1897 2230,1888 2228,1888 2226,1888 2224,1888 2222,1888 2209,1899 2065,1899 2034,1888 2028,1886 2026,1886 2024,1886 2022,1886 2016,1888 1997,1895 1876,1888 1827,1886 1825,1886 1792,1888 1718,1895 1703,1888 1697,1886 1695,1886 1693,1886 1691,1886 1689,1886 1685,1888 1674,1895 1652,1890 1635,1884 1633,1884 1631,1884 1540,1890 1460,1893 1442,1890 1421,1884 1419,1884 1417,1884 1415,1884 1403,1890 1394,1893 1361,1890 1304,1882 1302,1882 1300,1882 1298,1882 1289,1890 1283,1893 1143,1893 1139,1890 1129,1882 1127,1882 1125,1882 1123,1882 939,1890 939,1925"/>
        <Baseline points="939,1925 2401,1932"/>
        <TextEquiv conf="0.9908485570043888">
          <Unicode>upon the completely embodied; and upon the completely</Unicode>
        </TextEquiv>
      </TextLine>
      <TextLine id="eSc_line_e0502310" custom="structure {type:default;}">
        <Coords points="939,2037 939,2057 2562,2057 2562,2037 2560,2000 2401,2002 2382,2000 2325,1991 2323,1991 2321,1991 2286,2000 2275,2004 2020,2004 2004,2000 1936,1991 1934,1991 1787,2000 1763,2002 1757,2002 1726,1991 1724,1991 1623,1991 1621,1991 1619,1991 1592,2002 1588,2004 1421,2004 1419,2002 1402,1991 1400,1991 1398,1991 1396,1991 1343,2000 1289,1991 1287,1991 1285,1991 1244,2002 1219,1991 1217,1991 1030,1991 1028,1991 939,2002 939,2037"/>
        <Baseline points="939,2037 2562,2037"/>
        <TextEquiv conf="0.9843101046853147">
          <Unicode>co mrolled. It rises upon Hamlet and Cleoptara and Flastaff</Unicode>
        </TextEquiv>
      </TextLine>
      <TextLine id="eSc_line_63248587" custom="structure {type:default;}">
        <Coords points="941,2140 939,2162 2582,2173 2586,2150 2584,2105 941,2105 941,2140"/>
        <Baseline points="941,2140 2586,2150"/>
        <TextEquiv conf="0.9847930034001668">
          <Unicode>and Macbeth. Finally it rises mpon the Tempest. But the play</Unicode>
        </TextEquiv>
      </TextLine>
      <TextLine id="eSc_line_c239f438" custom="structure {type:default;}">
        <Coords points="935,2267 970,2278 972,2278 974,2278 1549,2273 1608,2282 1610,2282 2162,2276 2214,2286 2216,2286 2531,2276 2533,2261 2529,2220 1357,2220 1322,2210 1320,2210 1318,2210 1267,2220 1122,2208 1120,2208 980,2218 939,2206 937,2251 935,2267"/>
        <Baseline points="937,2251 2533,2261"/>
        <TextEquiv conf="0.9867314305798761">
          <Unicode>has outgrovn the uncovered theatre vhere the sun beats and</Unicode>
        </TextEquiv>
      </TextLine>
      <TextLine id="eSc_line_9480cf25" custom="structure {type:default;}">
        <Coords points="943,2362 941,2376 976,2387 978,2387 980,2387 1110,2380 1248,2389 1250,2391 2164,2391 2166,2370 2162,2323 2102,2333 2022,2323 2018,2323 2016,2323 2010,2323 1892,2333 1866,2323 1860,2321 1859,2321 1857,2321 1837,2323 1785,2331 1734,2323 1713,2321 1711,2321 1666,2323 1565,2331 1543,2325 1528,2319 1526,2319 1524,2319 1495,2325 1472,2329 1448,2325 1421,2319 1419,2319 1392,2325 1368,2329 1155,2329 1149,2325 1129,2317 1127,2317 1125,2317 943,2325 943,2362"/>
        <Baseline points="943,2362 2166,2370"/>
        <TextEquiv conf="0.9869730188087984">
          <Unicode>the rain pours. The theatre must be replaced</Unicode>
        </TextEquiv>
      </TextLine>
      <TextLine id="eSc_line_a84059bd" custom="structure {type:default;}">
        <Coords points="2475,2469 2465,2444 2094,2444 2082,2438 2065,2432 2063,2432 2061,2432 1880,2436 1709,2440 1672,2434 1648,2430 1647,2430 1549,2432 1347,2438 1314,2430 1306,2428 1304,2428 1302,2428 1248,2428 995,2436 939,2426 939,2471 937,2485 970,2496 972,2496 974,2496 1219,2488 2115,2502 2117,2502 2477,2492 2479,2479 2475,2469 2475,2469"/>
        <Baseline points="939,2471 2479,2479"/>
        <TextEquiv conf="0.9686701829944339">
          <Unicode>by the theatre of the brain. Anon is replaced by the man</Unicode>
        </TextEquiv>
      </TextLine>
      <TextLine id="eSc_line_e463125d" custom="structure {type:default;}">
        <Coords points="937,2580 935,2599 1061,2611 1063,2611 1065,2611 1079,2603 1088,2613 1090,2613 1092,2613 1094,2613 1217,2603 1232,2603 1238,2603 1287,2615 1289,2615 1291,2615 1316,2605 1318,2605 1328,2605 1491,2615 1493,2615 1495,2615 1512,2607 1518,2605 1532,2607 1586,2617 1588,2617 1695,2609 1734,2607 1767,2611 1845,2619 1847,2619 1892,2611 1909,2609 1917,2611 1934,2619 1936,2619 1938,2619 1975,2613 1997,2609 2020,2613 2049,2619 2051,2619 2084,2613 2115,2609 2133,2615 2150,2621 2152,2621 2154,2621 2193,2615 2224,2611 2419,2617 2422,2590 2419,2549 2277,2555 2232,2547 2212,2545 2210,2545 2209,2545 2197,2547 2168,2555 2156,2547 2154,2545 2152,2545 2150,2545 2148,2545 2146,2545 2140,2547 2127,2555 2117,2547 2113,2543 2111,2543 2109,2543 2107,2543 2105,2543 2086,2547 2063,2553 2016,2547 1975,2543 1973,2543 1917,2547 1847,2553 1839,2547 1831,2541 1829,2541 1827,2541 1825,2541 1823,2541 1822,2541 1814,2547 1806,2553 1715,2553 1685,2547 1647,2541 1645,2541 1588,2547 1547,2551 1528,2547 1499,2539 1497,2539 1495,2539 1372,2547 1326,2549 1306,2547 1258,2539 1256,2539 1254,2539 1238,2547 1232,2549 1223,2547 1192,2537 1190,2537 1188,2537 937,2545 937,2580"/>
        <Baseline points="937,2580 2422,2590"/>
        <TextEquiv conf="0.9908193912771013">
          <Unicode>Who vrites a bock. The audience is replaced by the the</Unicode>
        </TextEquiv>
      </TextLine>
      <TextLine id="eSc_line_bac0ef8f" custom="structure {type:default;}">
        <Coords points="941,2693 941,2716 1071,2731 1073,2731 1075,2731 1129,2716 1147,2730 1149,2730 1151,2730 1153,2731 1225,2731 1225,2730 1227,2730 1262,2716 1374,2728 1376,2728 1378,2728 1380,2728 1402,2714 1530,2724 1532,2724 1594,2712 1648,2724 1650,2724 1652,2724 1654,2724 1670,2710 1802,2708 1802,2673 1798,2632 1641,2632 1639,2632 1613,2638 1534,2658 1501,2642 1481,2632 1479,2632 1477,2632 1475,2632 1473,2632 1458,2642 1431,2661 1332,2661 1314,2648 1298,2634 1297,2634 1295,2634 1293,2634 1254,2636 1252,2636 1250,2636 1234,2650 1221,2661 1139,2654 1110,2652 1108,2652 1106,2652 1094,2656 1079,2660 1069,2656 1044,2646 1042,2646 1040,2646 939,2660 941,2693"/>
        <Baseline points="941,2693 1514,2696 1802,2673"/>
        <TextEquiv conf="0.9583793904470361">
          <Unicode>reader. ((~~~ M~~ ~~~~~</Unicode>
        </TextEquiv>
      </TextLine>
    </TextRegion>
  </Page>
</PcGts>
