2768 3500
966 103 1034 188 31
1021 270 1495 344 The Rmkanr eader.
1019 437 2561 499 The audience at the Elizabetahn play vas not an audie.jce
966 546 2542 616 of readers. They had to drav int the play as they sat or
966 659 2637 723 stood at the playhouse through their ears, through their eyes
966 764 2244 836 They could not deepen the impression and renew
964 875 2454 946 it at a table in a private room. This perhaps explains
970 983 2639 1053 the scarcity of Elizabethan criticism; and the general nature
966 1094 2353 1155 of vhat criticism there is. Both Sidney and Jonson
964 1201 2639 1275 deal vith the general rules of poetry; not vith the particuar
964 1312 2559 1392 play or poem. The lack of a book of the vords accounts too
966 1421 2194 1491 for the long pause, between Pahkepares death
964 1532 2482 1606 and the eighteenth century, "he the plays of Shakepere
964 1650 2583 1707 even hang suspended, unrea ised. They had to vait until the
964 1753 2377 1821 printed book vas in many hands before they received
966 1858 2398 1930 the life that the reader co fers Much that vas lost
966 1967 2392 2035 in the playhouse vas disocvered in the private room.
966 2076 2371 2146 But mu h vas lost for ever when the playhouse shut.
964 2185 2583 2259 Tlaxaanxnftnkinxnænnuanxmneæ Ve have l1ost the sound of the
966 2302 2402 2358 8poken vord; all that the sight of the actors bodies
966 2415 2450 2467 suggests to the mind through the eye. Ne have lost the
964 2521 2456 2584 sense of being part of the audience. Ne miss a th usnd
966 2628 2538 2691 suggestions that the dramatist conveyed by the inflection
964 2739 2583 2803 of voice, by gesture, by the placing of the actors bodies.
966 2840 2406 2918 This can still be proved by comparing our impression
964 2947 2616 3029 aft seeing the play acted with our impression after reading
968 3060 2565 3136 the play alone. But as the actor ipmports much that is of
964 3165 2563 3231 his omn day, and foreing to the past, so that there is t
966 3274 2633 3344 still something in every Elizabethan play sunk beyond recall.
