2755 3500
863 153 914 196 —
869 241 2441 320 The historians worl from the outer to the inner; from the
869 350 2537 427 nouse they infer the teant of the house. It is the house thy
865 455 2369 534 dwell unon; the chairs and the furniture of the house.
865 563 2062 639 It is as if were told nbideen to infer from
863 674 2301 754 a tueed suit, and six hats, and a fox terrier, and a
865 783 2299 849 9al 3ing stick and a c l~itohen with a col mfire and a
865 890 2539 970 servants called perhaps ?oan that -nery  ames wrote the Goldn
1663 840 2515 898 the lae and wokes o a novelist
889 948 1391 1015 calle e hnery mmes.
867 993 2387 1077 Bowl and the Ambassadors, Save for Vahucer and Lydgate
867 1108 2486 1182 and the volce of Anon singing at the back door the -nglish
863 1219 2432 1293 might be a dumb race, who suffered nad enjoyed in silnce;
865 1326 2537 1392 a race of memenats, soldiers and preists who left behind tha
1943 1267 2107 1343 Ce
867 1433 2404 1508 8tone houses, cultivated fields and vast cathedrals. but
867 1493 931 1553 no
871 1547 2406 1611 not words. The great house is silent; Only the furniturme
908 1652 2299 1728 mnl a4ns, stiff and ornate, fanastic and uncushioned.
1040 1761 2537 1839 At 3orhambury for instamce Lady Bacon sat at her table
865 1866 2529 1952 mrit ng . Ba~ Dbr letters to her son are letters written
961 1798 1157 1897 e
1863 1821 2445 1884 e (
869 1989 2461 2057 from the pulpit; as intricate involved and formal as state
1000 2035 1560 2103 or dyin depositons.
867 2096 2371 2164 pepers or legal documments. She admonishes and preaches;
863 2199 2192 2273 she expresses the violence of her temper and the
1400 2144 2210 2212 r violene and her suspiions;
865 2304 2402 2381 suspeios of her soul. She is a coumellor admonishing a
865 2415 2379 2490 subordinate. She is expressive only of th wickedness of
1385 2366 1540 2438 amare
867 2527 2247 2601 men, the dangers and deceits of the world; and the
865 2630 2406 2710 awfu; ness of her God. Greek and Latin come to her pen
865 2743 2535 2811 a8 easily as nglish. If she ha to decend to the actual obe.je
865 2848 2433 2922 a baske t of starwberries-- it is with coircomlocution and
869 2949 2426 3027 dark threats. "I have sent them by th boy of my kitchen,
891 3060 2414 3126 2 shrewd witted boy and prettily catechized, but yet an
867 3132 2459 3214 untomard crafty boy... " Aixaxaxisimr She vrites onlt to
