2766 3500
949 213 990 225 7
1011 400 2386 478 For meny centuriés afte Britain became an island'
960 505 2365 589 the historian says, "the utntamed forest was k~ing.
957 618 2485 707 He goes on to say that p millions of birds, perched on
962 742 2503 805 the top of those matted branches, sang their choruses.
957 841 2610 937 On le the siin clad hunters in the clearings heard the sons.
960 956 2371 1040 The tree ha to be felled; and a mut made from its
958 1083 2172 1151 branches , before the human voice sang too.
1067 1188 1591 1258 By a bankt as l lay
1067 1298 1486 1365 A birdes voice
1147 1225 1950 1330 1usine myself alone, ~~y ho!
1067 1359 1499 1419 Did me rejoice,
1069 1460 1783 1526 And me thought in her lay
1194 1413 1838 1483 ingine before the day,
1069 1514 2034 1596 She said, vinter was past, hey hol
949 1680 2480 1763 —ae-fest songs are out of door songs; because there
945 1796 2402 1878 58 no comḱort indoors, little light, and no bocks.
960 1907 2571 1979 The voice that brok the silnec of the forests mas lilkke-a
988 2018 2538 2098 irds voice, sinmine out of doors. It mas the voice of
958 2131 2268 2206 Anon. Re had-no eomfort indoors, little light
960 2249 2460 2315 and no bookes. de hed n neme. Some one heard the song
957 2350 2647 2436 and rmember d it, for it vas later written domn. he singer
957 2465 2458 2547 hed his audience taus; but the audience vas so little
958 2578 2532 2650 1nterested in his name that he never thought to give it.
960 2689 2522 2772 The audience tock part tonin the song. Terly, terlow
962 2801 2487 2887 they sang: and By, by lullay " filling in th pause,~
957 2918 2507 3004 helping out the méanine. ( Anon sings because spring has
1396 2883 1524 2947 lu4
958 3027 2454 3103 come; or winter is gone; b cause he loves; because he
958 3134 2448 3243 18 hunery; or lustful; on merry. verybody shares the
1149 246 1309 299 Anon.
949 213 990 225 7
1149 246 1309 299 Anon.
1011 400 2386 478 For meny centuriés afte Britain became an island'
960 505 2365 589 the historian says, "the utntamed forest was k~ing.
957 618 2485 707 He goes on to say that p millions of birds, perched on
962 742 2503 805 the top of those matted branches, sang their choruses.
957 841 2610 937 On le the siin clad hunters in the clearings heard the sons.
960 956 2371 1040 The tree ha to be felled; and a mut made from its
958 1083 2172 1151 branches , before the human voice sang too.
1067 1188 1591 1258 By a bankt as l lay
1067 1298 1486 1365 A birdes voice
1147 1225 1950 1330 1usine myself alone, ~~y ho!
1067 1359 1499 1419 Did me rejoice,
1069 1460 1783 1526 And me thought in her lay
1194 1413 1838 1483 ingine before the day,
1069 1514 2034 1596 She said, vinter was past, hey hol
949 1680 2480 1763 —ae-fest songs are out of door songs; because there
945 1796 2402 1878 58 no comḱort indoors, little light, and no bocks.
960 1907 2571 1979 The voice that brok the silnec of the forests mas lilkke-a
988 2018 2538 2098 irds voice, sinmine out of doors. It mas the voice of
958 2131 2268 2206 Anon. Re had-no eomfort indoors, little light
960 2249 2460 2315 and no bookes. de hed n neme. Some one heard the song
957 2350 2647 2436 and rmember d it, for it vas later written domn. he singer
957 2465 2458 2547 hed his audience taus; but the audience vas so little
958 2578 2532 2650 1nterested in his name that he never thought to give it.
960 2689 2522 2772 The audience tock part tonin the song. Terly, terlow
962 2801 2487 2887 they sang: and By, by lullay " filling in th pause,~
957 2918 2507 3004 helping out the méanine. ( Anon sings because spring has
1396 2883 1524 2947 lu4
958 3027 2454 3103 come; or winter is gone; b cause he loves; because he
958 3134 2448 3243 18 hunery; or lustful; on merry. verybody shares the
