2770 3500
329 145 2031 277 me pelteeomte mo abhlur tebes, mud Me had daits
315 224 2089 390 m'a Leeve Luyins. Lur the had veiur a Stome inthr
332 297 2276 490 Nost sea ? muste tue Rigs chipe. Te Preut homne vu ne
359 382 2212 571 telent hen. M the tres There num boites entre trecn,
335 472 2049 659 à dap Menmen en oid frosrhn Vhys Maniez mithe
364 557 2282 749 mond. Md dom tu mant came tre trandtun teylis
379 632 2078 840 levd snctndut, tout le hineen laii but he tras dre
370 723 2151 971 phe has mon, at Tre frem player actin lis atrendey
382 880 1357 1073 hant belvre Queinz Clnbethe
