2766 3500
466 225 1151 320 Fn chy a poret naues
420 334 2098 435 Thas he prones that he cvas vord concious, au arles
462 425 2190 534 Aivare celhe postrtoben, eta onstapous chis medin.
461 513 2102 630 l. 1t lhe our ent haent srut me; worde Themelies.
597 511 855 571 avre Mapie
507 643 616 721 14
682 600 2279 707 2v la hees avare 9 langnage le rilis ment
2015 661 2122 719 miot
531 682 2050 806 hare a pait behend heui, qat ai se hestorzan
1768 748 2285 830 passent, àn Carden a
2092 703 2159 754 tn
527 777 2046 892 sader 4 ue the presat moment, mat Mare Re hais
525 855 1993 983 tehent huii. There mershe à folden cre; 74
523 945 1894 1077 mente ba Corapt defenval, dalen. Pont
513 1044 2137 1168 he forden y cy Caxerle war te penen lhe ae a
548 1129 2334 1265 Chancen -Dan Chauar vell 9 luxhiti undefyler.
538 1240 1807 1355 The lantilise 14 Vhere is Rhe ha
532 1337 1993 1454 Chaulirr azars - de Mras: hapMe snpsson
566 1466 809 1551 Iwerte
564 1499 2201 1641 Erthene onne horir cchrile desl en ne urons
534 1600 1978 1751 174 But Hure Jtis la lanegan he loveli
542 1716 1593 1851 lunifa n his Eit his moment
980 1759 2174 1901 1 var ste ooken basse te Chamar-
577 1868 2221 2028 Aippeving pos Jhe that Igener deus Men eras
622 1975 2151 2136 Men aron Ue Rente aze e Chaute builden, 7
641 2121 1431 2238 as the lant Chaueng
1565 2086 1738 2162 Nots
626 2171 1976 2333 Me langage 67 Chancer wan utat he his
604 2271 2299 2444 M war by Chaaal House Chanler Rat Jare hue es
597 2422 816 2498 gven Pari
608 2387 1917 2551 he book Mn Meamre chij oun Mrech.
601 2498 1960 2658 hhire he modln uaber urte a tuy turie o
604 2597 2153 2749 has close at tand altacto lhe Generatini cchuit
1159 2691 2104 2768 takey W„ en Nie Ruip.wertia
614 2737 1875 2856 har Jart Jonc. Mrshg Nemar he hes
624 2807 2019 2961 vane a depanture, à Iplmer, had 20
643 2918 2221 3066 rvolt was agnat no particulas wala sut
667 3029 2030 3185 Azant e lanjuase ehl. M decag, na
678 3116 2124 3291 Chauls, ee Corraphni tahaps Miome
708 3274 1161 3396 Party pahapr
1283 3190 2215 3334 toto terheeps ar au antidok
