2721 3500
774 106 2522 235 sende loer sei Htowry Jech, te real tellen en e knotle
814 210 2530 313 e ten boker remain uncen. t7 cnly knon Ma vatene
822 280 2363 406 pom tre plays thatmen ented al cus enthe
840 361 2380 505 Banknda that then felt Gutas: Anongmity
875 439 2271 589 par They loo, hike Mas ha dramalnti are
890 538 2162 670 name len. canvrymon. hay Bat a4
900 593 2411 768 sout hy a jueer He lhe traffayr are There
884 711 2302 847 no jenera len had moe Ayesty to. prescon
900 791 2293 941 stie Inbstaras pon Filag. he fomles
927 876 2112 1026 lonts They Rlem te plend Rey
1978 919 2497 1046 Hen del deati
904 985 1958 1125 Grayt at vminoelartty. be
931 1075 1746 1193 uche hin suat fomts.
1859 1024 2326 1125 n lepe ten
929 1116 2505 1293 lat prostizoenten They wiar clothea hat va
960 1199 2446 1366 20 teavy thy cen arely meve in phen.
2067 1296 2131 1351 a
881 1295 2007 1456 e onter hje es nnbitanhal:
896 1431 1394 1540 Guat Clota 9
1404 1333 2473 1506 folde manbe can make et
2131 1405 2310 1493 he ant
896 1534 1170 1615 snit Re
1223 1438 2100 1600 paue trat tunt en he
894 1495 2479 1711 are withen are selent lentel the Rramatat
921 1582 2518 1800 Yplak Them en he stage. Hen eitien are shut
989 1773 2153 1926 Achtonatie Jhe nokler inte
879 1866 2131 2033 ufper pant epome Vien rupphed
972 1979 1894 2119 thii dlevore Ite Dlagent Hu
886 2047 2273 2230 Ihen Machment t Ha inhtenee e larte:
892 2119 2349 2317 Neir body: Sarn the reed cote schule tha
925 2222 2226 2403 ac suris thai Catalogan cz propal
923 2310 2304 2490 funture: than perpertal aan hum fer
941 2407 2191 2560 Miri Estala. thei hen sanven en
943 2467 2351 2648 inpentoe en tellen rapptieatig selalen,
2086 2555 2260 2625 14 en
939 2593 1960 2730 Inte fer Eve huj was then a
912 2733 1174 2838 Me fest
1289 2677 1672 2780 inetrlent.
1760 2648 1826 2745 1he
1931 2636 2162 2726 famil
937 2689 2291 2926 ⁋ wan tue Guien er hu nobla, a ho had hi
1793 2796 2086 2897 V4r the
939 2862 1694 3011 pertomal a pertronap.
986 2873 2283 3081 pation was in La prime. the boit
1577 3019 1801 3116 faroar.
1832 2932 2376 3083 ⁋Aud jol en ud
984 3025 1540 3196 depended en hu
2166 3116 2256 3188 TaAN
