2775 3500
945 120 1013 200 36
937 235 2588 315 As the habit of reading becomes universal, readers split off
943 346 2584 421 i nto different classes. There is the specilaised reader, who
939 456 2479 534 at taches himself to certain aspects of the rpinted vord.
939 565 2508 639 Again there is the very large class of perfectly literate
939 678 2430 744 people who strip many miles of print yearly from paper
941 785 2557 861 yet never read a word. Finally ere is the the -aader like
939 838 1199 898 who, 1ike
937 898 2531 966 Lady AnnnClifford read excellent C aucers book wmen they
937 1003 2531 1079 are in trouble " and a little part of his beauteous spirit
964 1121 2477 1180 infuses itself in me." Hexmamamgmriamm~maulu~~ And the
937 1228 2417 1296 curious faculty --the pow r to make places and houses,
935 1328 2481 1403 men and vomen and theit thoughts and emotions vivible on
939 1436 2504 1510 the printed page is a Ixax always changing. The cinema is
935 1555 2526 1627 is now develping his eyes; the Broadcast is develpoing his
933 1654 2212 1732 ear. His importance can be gauged by the fact
939 1761 2498 1841 that when his attention is distracted, in times of public
933 1874 2279 1956 crisis, the vriter exclaims: I can write no more.
1118 2100 2347 2166 But the presence of the reader vas felt even
931 2201 2526 2276 While the play vas still on the stage. It vas for him that
931 2313 2496 2395 Burton composed that extraodinary composition the Anatomy
933 2420 2366 2502 of Mielancholy. It is there that the reader makkes his
929 2533 2498 2605 first appearance, for it is there that we find the writer
931 2640 2388 2722 completely conscious of is relation with the reader.
927 2755 2494 2827 Eax and He reveals himself. I am a bachelor. I am neither
931 2868 2467 2930 rich nor poor. I am a tumbler over of other mens bocks..
929 2969 2487 3046 I 1ive in college rooms. I am a spectator not an actor.
929 3072 2467 3165 There is n playhouse audience forcing him to embody his
