2781 3500
846 102 919 195 30
845 229 2374 305 their jewels, their horses and carriages. When they die,
842 342 2362 406 heavy marble tombs are raised over them. The outer life
283 326 691 510 l hohej
334 486 435 558 luj
466 476 532 530 atve.
534 385 777 507 huauon tas 6
844 451 2360 517 is as substa tial as cloth of gold and pigs capons hogs
371 532 497 614 (a iu
840 556 2308 630 can male it. But the mind that lives in the head, the
842 657 2382 740 heart that haxx speak only on the Eankside, through the
838 785 1464 851 mouths of the players.
1143 882 1608 952 ThaxinaitygnknxuEy
1116 989 2413 1069 Yet in no age can there have been a deeper gulf
842 1104 2413 1174 between the artist and socity. A young poet dedicates his
845 1215 2415 1287 sonnets to Mr W . H. Not one of all those highly eduvated
842 1335 2518 1394 nobles troubles to askk vho is this patron? It is not a matter
840 1444 2436 1508 of interest in court circles. The plays are not discussed.
842 1543 2417 1611 Lord Southnapton and Lord Rutland, Rowland V ite wrote to
842 1652 2467 1728 Sir Robert Sidney, "pass avay the time in London, merely in
842 1769 2419 1833 going to plays ev y day" But the attraction of the stage
840 1882 2462 1948 called forth no comment. The players lived too far from the
840 1993 2374 2061 court to stir curiosity. They vere too much of servants,
921 2096 2250 2160 too much of minstrels, jugglers nbear laeders to
840 2201 2300 2278 be a proper topic for gossip. Thus the early vorks of
842 2319 2197 2387 Shalteepare makce no ripple in the pool of sielnce.
840 2420 2358 2486 No one protests that here is a an upstart writer who is
840 2529 2464 2609 for throwin society into the melting pot. The grreat might
840 2634 2360 2714 be mocked--that vas the anicient privilege of the court
842 2757 2491 2815 dster; or some scene from history re encated. Rt the censor
840 2866 2471 2932 was quick to control irreverence. And in fact the dramatist
890 2963 2489 3046 vas not destroying socity. The indignation that, after the
836 3078 2384 3157 first silent surprise, that Ibsen for example stirred in
838 3190 2193 3262 London vas partly the rage of those vho felt that
