2762 3500
1021 134 1085 198 10
1019 241 2604 309 thirty "had valked in the shadow of dath." It was Master
1015 348 2528 425 Boilney at Va, fiege who ppened his eyes; Master Bilney
1036 460 2225 530 Who went about among the poor and the sivle,
1023 560 2553 639 aster Bilney heard him preach agianst Melnchton and his
1015 676 2688 738 opinions. and desired me for Gods sakee to heare his confessia
1032 779 2534 859 1 di6 so; and to sey the very truth, by his confession
1019 898 2690 964 I learnt ed more than for many eares. Nith Bilney he vi ted
1021 993 2690 1071 the prisones in the Tomer at Vambridge, for he wes ever visik
1017 1104 2557 1172 pirsoners andsiclt folk. There was a voman who had lilled
1013 1211 2478 1287 her child. And -atimer brought her story before King
1013 1330 2612 1398 Enery the eighth as he tallked mith aim after the sermon in
1017 1431 2629 1506 the gallery. and got her padrdon. aster Bilney mas burnt;
1015 1540 2614 1617 so it may wi be, he will be burnt. eanehile he vill speak
1019 1646 2612 1722 the truth so that the simp le can understand. In their own
1019 1755 2466 1829 tongue. Standing on the verge of the Mlizabetha age,
1013 1862 2557 1944 he sau, as , arrison saw, the great buildings rise on the
1019 1979 2614 2055 foundations o the. old. "There ws never such building then
1017 2094 2635 2166 as i now, planting, nor marrying." And yet the Englis are
1017 2197 2584 2265 still sunle in supe stition. Give themoe he implores that
1013 2311 2530 2381 was wont to bestow on pilgrimagesmatters , in trentalls
1015 2411 2588 2488 in masses, in purgatory matters" to poor men sons so that
1021 2527 2639 2591 they may become schlars. WThere be now none but greate mens
1015 2626 2262 2700 sons in colleges. " "It will come to pass that
1013 2724 2686 2815 we shallhave nothing but a little Ebglish divinity, that will
1015 2842 2470 2916 bring the realm into a very barbarousness, and utter
1017 2951 1538 3023 decay of learning."
1314 3050 2639 3134 This vas the voice of the neu lraning, the vo ce
1021 3167 2662 3249 that ousted superstiti,n th voice of reason, charity, common
1017 3290 2466 3398 8ense. But it mas by an irnoy ironically enough, the
