2776 3500
1013 309 2451 396 Bu t if ve cease to consider the plays separetly, but
960 418 2281 503 sera, ble them together as as one common attempt;
960 528 2474 602 then ve are able to makce them se mve as sketches for one
953 641 2318 719 ma sterpice. And the darkness in which these plays
955 750 2178 822 1ie helps the endeavour to conveive of that
953 863 2258 937 many nameless vorjers ; and many private people
953 964 2307 1048 were pressing their weight vere discharging their
953 1075 2507 1153 emotion into that vast cauldron of seething matter vhich
953 1178 2523 1271 at last Shalcespare struce out inmto his plays.
