2773 3500
919 122 997 192 31
1030 243 2296 303 The great house that Latimer deplored becomes
923 346 2376 416 solid and entire in the pages of Lady Annes Cliffords
921 462 2588 538 diary. From her childhood she mas tenacious of her hereditary
923 563 2325 645 rights--her fath r had the right to carry the Xings
921 672 2491 754 sword " and so it lineally descnded to me./ All her youth
945 785 2508 853 she fought, against kinsmen, husband and the king himself
919 902 2502 972 for her lamaax~ right to inherit he lands in Vestmoreland.
933 997 2430 1081 1,, I would bever partcfrom estmoreland while I lived
917 1116 2432 1190 upon any condition vhatsoever" she told him. Whe n the
921 1228 2483 1302 1ands and the five castles "ere hers, she instantly began
917 1328 2109 1400 rebuilding; Not only the land vas hers, but
917 1435 2504 1512 diamond buttons, rubies, fur cloaks. She As if to solidify
913 1549 2456 1619 he possessions she wrote out inventories of them. Family
915 1652 2557 1736 love is in part the drire to hand on her prop rty. She sends
937 1767 2426 1837 for her gran children in order that they may taste the
917 1870 2498 1950 delight of possession ani so refresh her ovn satisfaction.
882 1975 2524 2063 (The 1iving body is robed slendidly in taffetas and satins.
913 2084 2494 2175 he dead body is seale in lead to preserve it from decay.
2055 2162 2209 2228 —r
913 2203 2419 2282 The sense of the body permeates her pages. All movemnts
908 2313 1956 2380 become spectacular, Crovds attend her.
908 2415 2529 2498 Six bay horses darg the coah. he coah is lined with arreen
910 2525 2421 2613 cloth, and laced vith green and black silk lace. She is
908 2640 2529 2718 for ever asserting he idnetity. he ha her initials carved
912 2759 2526 2836 even over farm house valls. This is her property: this land
906 2858 2092 2940 is hers b right. Certain flesh and blood--
