2761 3500
846 81 951 195 255 - m111-1-8
846 160 2320 309 no mos witi de miit. Kid roertcerators dn oact rratt
843 306 1821 405 Harmeneengihiimx Racik And ehurches...
858 425 2451 533 The tune changed. It chepped and changed. It broke ofr. It
860 525 2448 650 broke up. Withthe means at he dispoâl, you couldnt ask too
849 650 2390 752 NCU. Thanxichnhruxdxthuxxax; What a cackle; a cocophony..
852 743 2442 860 Iixe the yaffle, a they call the voodpecker. Mhe lauchine
846 863 1794 950 bird who Flits fron tre to tree.
843 959 2410 1082 Cnildren " Imps --elfs... Gut théy ckipved. Jhe riff roft
852 1073 2402 1198 Of the village... Holding whatl Tin cangl Bed room candle
846 1172 2480 1306 Stichel Savine etassesl Oid tobbaco jarsl My dear, thats thê
837 1292 2533 1411 echval Class from the roctory... And the mirror-- T Lent her.-
802 1397 2393 1513 My motgers... And graldpas old top hatl Mats the notiont
831 1505 2352 1627 Anything that s brient enouer, presurably, to refelct..-
852 1612 2115 1735 Mats the mons ghaving elass fron the stable. ;
823 1712 1926 1837 Mrs Pande, aid vou really lend nei thatt
837 1831 1421 1945 Durselvest Ourselves?
