2773 3500
898 178 935 254 8
943 285 2259 363 The histroians vork from the outer to the mmer;
888 394 2533 474 from the house they infer the tenant of the house. It is the
888 505 2483 573 house they uncover: the chairs, the tables, the bills, the
888 610 2211 694 Close stolls, the spinni n wheels, the tapestry.
884 717 2368 799 ut is as if we vere bidden to infer from a tweed suit,
888 838 2485 900 8ix hats, a fox terrier and a silver knovved valking stick
945 937 2368 1011 the life and vorks of a novelist called Rnery james.
886 1046 2483 1123 Save for Vhaucer and Lydgate and the voice of Anon singing
886 1164 2459 1232 at the bac l door the English might a a dumb race: a race
884 1261 2529 1347 of merchants, s ldiers, preists and builders who left nehind
888 1374 2452 1458 them stone houes, cultivated fields and many churches and
884 1481 2391 1563 cathedrals. ; but no words. The great house is silent.
880 1602 2506 1680 Only the furniture remains, stiff and ornate, fantastic and
882 1705 1230 1777 uncushioned.
1120 1810 2259 1891 At Gorhambury for instnace Lady Ann Bacon
2086 1866 2553 1946 — C7-fauer lr
318 1909 748 2004 4aui. halh-H
884 1917 2504 1995 sat at her table rwiting to her son. Ner lettrts might have
348 1996 684 2105 0~ttesut  1
884 2026 2549 2113 veen sermons from the pulpi;t ; or state dosuments, intrcaite
880 2135 2496 2216 invloved and evasive. She is a counsellor admonishing a sub
900 2241 2459 2327 ordinate; sŜhe is awrae only of the wickedness fof men,
888 2348 2448 2422 he dangers and decits of the vorld: and the awfulness of
880 2455 2459 2537 Cod. Greek and Latin come to her pen as easily as nglish.
877 2568 2387 2640 If she has to descend to the actual object--a baskcet of
877 2673 2393 2747 strawberries--it with is vith cirumlocuitions and dark
875 2782 2428 2862 insinutaions. "I have sent them by the boy of my kitchen,
873 2893 2436 2976 a shrevd witted boy and prettily catchized, but yet an un
878 3006 2168 3081 toward rcrafty boy...." She xrikax ex horts:
884 3109 2409 3196 "God lKeep us sound in faith the faith and send us health
873 3225 2300 3303 and a care to please Cod above all." She admonishes:
888 3328 2351 3416 Be not speedy of speech, nor talk suddenly, but where
