2772 3500
933 159 1036 246 165
937 274 2419 336 the horse had a green tail...Nhat had happened tp her?
931 379 2373 453 hen she lookced out again, the flowers had vanished.
929 587 2509 670 readers vas lit up. There in that hollow of the sun baked
1011 493 2482 554 Bartho mew flickted on the reading lamp. The circle of
931 707 2507 777 field vere congregated the grass hopper, the ant, and the
929 816 2610 896 beetle, rolling pebbles of baked earth through the glistening
931 925 2367 993 stubble. In that rosy corner of the sun balced field,
929 1030 2559 1120 Bartholomew, Giles and lucy, polished and nibbled and broke
933 1143 1246 1219 0ff crumbs,
1178 1254 2505 1335 1A gentleman at Subriton has seen a comma in his
1396 1186 1501 1261 vri.
933 1361 1772 1440 garden Bartholomem announced.
1081 1471 2495 1555 4he butterfly that looks life a leaf? Lucy queried.
1169 1580 1923 1660 looking up from her letter.
1169 1699 1797 1771 The newspaper dropped.
997 1796 2388 1876 Done?" said Giles talins it from his fathers hand.
1169 1913 2456 1991 The old man relinquished his paper. He basked,
920 2014 2519 2103 8ilently, in the mixed light; he hand, caressing the dog,
929 2121 2283 2210 Eitxmtx ripoled f'olds of slein towards the collar.
978 2232 2503 2317 The clock tickked; the house gave little crackes as if it
925 2345 2499 2422 Were very brtttle, very dry. Isa hand on the window sill
925 2453 2414 2537 suddenly felt cold. Shadow had obliterated the garden.
924 2560 2410 2646 Roses had withdarmn fxma the night. Mrs within,
1474 2521 1571 2576 for
947 2681 2552 2753 foldins her letter, leant tovards lsa and said; "I looked
924 2778 2524 2868 in and sau the babies; so happy; With the paper flowers on
927 2885 1264 2963 their cots."
1161 2994 2495 3095 6iles locked up from his nevspaper; lsa became a
924 3111 1756 3198 mother again, and also a wife.
