2768 3500
993 274 2563 357 To-Latimer Robin Food vas a tkakixmantxrx thief, ~ ~~~
1781 227 2059 299 4es, 4n
855 385 2382 466 and the peasants doing him honour were still blind with
855 495 2437 567 supersttion. He himself had walked in the shdow o death
853 610 2318 674 Eitkmkinewxdcaklnrmuumxmesmæmt ti ll he was thirty.
857 713 2429 789 Then gentle Mr master Bilney at -ambridhe had opened his
855 830 2406 900 eyes. Now they say through the old pop sh parcaices, the
853 935 2378 1011 0ld Pagan customs. Re saw England itself at this moment
1332 875 1493 952 h4́ 1au
853 1051 2429 1114 in its reality. 1The cry of the wormen is come up into my
859 1155 2456 1226 eares" he said. Vhen he walked trying to read his book in
857 1267 2454 1345 the Archbishops of Canterburys garden there awas a kocking
855 1374 2404 1442 2t the gate. And Mis ma came and said "8ir, there is one
885 1481 2402 1553 that would speak with ou." So he shut his book and went
692 1643 2015 1711 X. tvi la- luwh-ue * Coue u6 les, le-&re)! lie-t
850 1600 2340 1668 out among the poor; into the prisons, into the fields.
853 1701 2040 1777 Ee heard the "poor Labourrers, gun malcers,
848 1814 2402 1882 Powdermen, Bow makcers, arrowmalkcers , smiths, carpenters
851 1919 2447 2000 s0liders and other crafts " cry ing that yhey "ere unpaid.
851 2024 2320 2105 The found the poor with out a goose or a pig for the
848 2138 2427 2206 great were enclosing the fields. Re vent to the great man
850 2241 2215 2315 and found hi n still in bed, after his halewing and
851 2354 2423 2430 nis hutning, and the ha l full of poor suitors vaiting to
850 2455 2421 2547 malce their plaints. (As fot the Bishops, "they hawkxe, they
850 2572 2240 2646 mun tm they carde, they dice, they pastime in their
859 2681 2289 2751 relacies with gallant gentlemen, with their dancing
853 2794 2131 2868 minions, and with their fresh companions..."
851 2901 2369 2982 Le sas the curates in their velevet shoes and slippers
885 3011 2394 3083 1e e t to dance themorris dance". He saw the fine ladies
848 3118 2236 3192 dressed in fa vardigalls with their hair puffedout
851 3216 2305 3311 in tuccosles MA French 4nods . Re sau the yo ne men,
