2768 3500
922 91 995 155 20
918 219 2598 309 and the peasnts to espect their mother tongue. e mas making
920 332 2522 408 1t possible for the gentry and the commons to sit together
918 439 1842 511 in mone house listening to a play.
1077 546 2520 624 Por the vandering minstrels, driven from the Church,
916 657 2443 735 now taking up their pitch in the marlket place or in the
920 773 2544 838 yerd of an Inn had by l676 somehow possssed themselves of a
918 873 2468 952 ouse. It vas In i50i the playiouse in Southvark needed
920 981 2443 1061 rebuilding. Pla les and nails and hinges and timber were
918 1088 2460 1172 brought to the Rose. Crrpentrs and painters were hired.
916 1197 2517 1283 anê the s ms spent on the rebuildins vere entered at last
920 1306 2445 1382 by lensloew in his vellum covered book. It vas a mooden
918 1425 2493 1495 nouse, part open to  the air, part thatched. It stood in
916 1532 2342 1606 Sou thwarle, next the the Barge the Bell and the Cocke
925 1639 2485 1732 " econgise stems." Ene Mamkside Mas infested with hogs.
918 1751 2493 1827 The contrast between town and countru, judging by Nordens
916 1872 2470 1936 meap, Was sharp. There, in one fretted mass of spires and
914 1965 2592 2049 1ittle stretts, lay the City. Brt gras fileds rose behind it
918 2074 2435 2158 From Southwarle there w s a viem of open country. Fields
914 2181 2452 2267 and hi lls came close down to the stews on the 2ankside.
910 2294 2026 2374 And the Dankside vas infested mith hogs.
1429 2409 2594 2485 phe house accroding to Dr freg, could gold
920 2512 2412 2591 hree thousnad people. Most paid one penny to stand in
918 2625 2565 2700 the open; tuopence secured a seat; sixpence vas the price of
912 2735 2462 2807 a seat under cover. The audience came flcking across the
920 2844 2487 2920 iver. For vhat other amusment mas there, a contemporary
916 2947 2464 3029 sked, of an af te noon for the "mumbers of captains and
912 3056 2592 3136 s01iders about London"? Only the amusments that the preachers
910 3167 2592 3253 so furiously denouned; cardins, dicins, gaming, the following
935 3282 2402 3361 of harlots and drink. The comon people came from the
