2771 3500
919 159 1003 233 34
917 272 2282 348 much sharper. As these faculties became atrophied,
917 386 2216 458 he became more conscious of the suggestions and
917 488 2535 565 associations of vords. Tax⬪s 6̂ne vord vritten in Elizabathn
919 608 2403 676 spelling bimgmmimx krimx has suggestions that give it
917 711 2481 783 almost another meaning. It suggests other manners, other
917 818 2459 888 clothes; the difference between one society and another.
917 935 2457 997 Then as reading becomes a universal habit, readers split
917 1038 2524 1112 off into many varieties. There are the specialised readers,
915 1143 2298 1217 whose pover of darving out the meaning of words is
919 1252 2586 1331 tremendously developed; so that they remain attached to certa
917 1370 2374 1436 aspects of the printed maxdz~ page--the scholars, the
915 1471 2455 1545 students. At the opposite end of the scale, there is the
917 1590 2454 1656 very large class of perfectly literate people vhose eyes
917 1685 2506 1767 travel,over miles of print yearly , yet never read a vord.
937 1740 1617 1823 7u7e  hestree h hw,
917 1796 2557 1880 The reader at the present moment exixtsx is placed somemhere
966 1909 2419 1983 between these two extremes. And his faculty is a very
937 2020 2242 2096 curous one. He has the power to make houses and
911 2129 2364 2203 places, men and vomen and their thoughts and emotions
937 2240 2203 2313 isible to him, from marks on a piece of paper.
853 2360 2496 2434 Somehwere between the two comes the reader. Eis faculty is a
851 2481 2494 2553 ve y curious one. He has the power to make houses and places
851 2593 2387 2658 visible from marks on a ipiece of paper; to draw emitons
849 2696 2387 2772 of very kind; and also some quality that is independent
847 2813 2228 2879 of emotion; form; unity. He is capable of all the
851 2914 2323 2994 impulses of a writer; but lacks the power of creation.
847 3029 2201 3099 His influnece upon vhat is wr tten at any time is
849 3132 2490 3216 immense; In times of public stress, for instance, the vriter
849 3255 2245 3321 is uincapable of swriting; in part at least because
849 3352 2193 3428 he has no audience. The life of a reader is thus
