2776 3500
875 128 945 198 31
927 293 2435 367 The great house that Latimer dolpored becomes solid and
330 383 680 458 2j ute
453 433 616 515 Mee
657 416 737 493 C
879 400 2215 476 entire in the pages of Lady Anne Cliffords diary.
540 470 669 548 (c4
879 462 2260 536 fnuvi lhe fuat vae uw-n 6uuenve 4/he teyh— E 4Autu.
881 515 2324 579 She is avare from her first youth of her rights as a
256 542 811 643 Ml.. . rL fe ~~
258 604 783 711 94. Itsae irutu 4xfh—
877 620 2067 684 land omner. She has a profound sense of the
284 655 805 797 4 A~e ~ ~
455 748 585 847 aud
877 731 2398 797 the rights of the possesor. The body is visible to her.
789 781 1748 857 l4u- Vh. hd,s l, Mi ve-et léu Wr
873 843 1836 906 She is for ever rebuilding castles,
873 946 2213 1022 acquiring land, asserying her rights to property,
894 1059 2540 1127 claiming diamond buttons, making inventroies of her possesin
871 1170 2484 1242 as if to soldify them still further. She has asense of the
1877 1116 2472 1193 Iaue, ler-t o te hat hc
859 1226 1667 1291 glcwe i muiulau s suurac
871 1287 2001 1349 family v ho vill imherit her possessions.
871 1382 2349 1462 She sends for her grandcholdren in order that ghey may
873 1491 2456 1563 taste the delight of posseson and so refresh her own satis
873 1600 2381 1668 faction. The living body is robed in black and yellow
871 1716 2429 1788 taffeta. Clothes are so imp rtant that they become things
873 1818 2085 1891 to be handed on. The living body is robed in
871 1925 2462 1996 black and yellow taffeta. The dead body is sealed in lead
873 2035 2530 2111 to preserve it in its flesh from d cay. The ~he sense of the
873 2140 2190 2222 body permeates her pages; Mhather alive or dead.
869 2251 2375 2331 The human soul seems to become more expressive when its
869 2362 2532 2434 carcase flashed in the public eye. All movements of the human
871 2469 2447 2547 body, from place to place, are attended vith great effort;
890 2588 2392 2656 and become specatacular. Six bay horses drag the coach;
869 2683 2139 2766 Th coach is lined with green cloth, and laced
867 2798 2231 2875 with green and black silk lace. Crwods attned her.
871 2903 1931 2978 She is for ever asserting her identity,
867 3013 2443 3089 With inittails carved in stone even over farm hous valls.
869 3126 2206 3206 This is her property; this land is hers by right.
867 3239 2291 3313 phmxixandxhananx Certian flesh and blood--tkmxxumdx
