2765 3500
954 186 1018 258 12
1077 303 2593 377 Latimer had read the Lord Prayer in English. The Eible
948 406 2543 482 mas printed in English. And, using the prose of the bible
946 513 2535 595 8hen they write prose, the Elixabethans are unknwon to us.
946 622 2541 703 Then in some extrem ty of anguish or fear they takce up the
946 731 2488 806 pen they use the rhyms of the Bible. Itis a garment only
952 845 2568 910 to be worn when the mind is in the right attidtue. They can
948 945 2512 1026 say nothins simple, suble, or breif. At torham nury Lady
968 1063 2566 1133 An n Bacon sat writing to her son. But her letters are like
946 1172 2265 1240 seroms, or satte doucments, intricate, involved,
945 1269 2609 1355 circumtutious. She is a ceunsellor admonishing a subordinate;
981 1380 2166 1460 She e hosrts God keep us sound in the faith
943 1489 2451 1567 and send us health and a care to please G0d before all.
943 1604 2325 1674 She admoni shes " Be not spee y of speech, nor talk
945 1718 2055 1786 suuddenly, discrteion requieth and that
943 1816 2562 1901 soberly then... If she has to descend to an actual object
943 1936 2498 2012 a baslet of starwberries it is with c darle insintuat ons.
943 2033 2156 2115 Greck and atin come as easily to her pen as
968 2144 2426 2224 English. There is no gaity, no freedom no familairty
943 2251 2424 2337 in this world. Fear of God, suspeiion of man surround
945 2364 2424 2442 tae Writer as with the Wlls of a dungeon. The wall may
941 2473 2422 2555 conceal a bady Ann whois merry and gay; it may concesl
941 2578 2150 2661 mus t cobneceal passion, laughter and sorrow;
941 2685 2531 2772 bu no one can tell who it is that lives on the other side
943 2794 1792 2875 0f the wall of formal langauge.
