2721 3500
767 96 2522 239 lende liyres Jlei flerven Jpert, Vre reue Filun a Ue Hnotty à
826 198 2537 320 re tembrohes remain leucen. lez caly Rvoie Mre vetuu
826 268 2358 417 pom tre plups Tut meu enter at vnd cnthu
867 355 2350 498 Bantrende Mhat than felt Goitud. Anogmite
887 437 2268 592 par Vhen tro, hhe Mar the Framaluts, are
887 533 2166 691 Ramelin. Anotytons. Coely Vent as
902 630 1430 781 Boute hy a suecre
1532 632 1661 737 Jle
1707 583 2358 717 The touppays anc thos
893 702 2283 851 ne fenvralin had mon Acguhy t. prevon
919 781 2306 953 ttie Inbstura pon drlan he fomtes
948 866 2096 1032 Pourts Hhay-Diene te plend Neu
884 904 2490 1152 graip at immartaithyz. eu Vhez ddn dcati
945 1009 2329 1198 lehe Then Guat fomits. En tipé se
945 1096 2478 1292 Cat prochigouiten Thin evcar clotha that au
966 1192 2399 1367 2o heang Mha cen Marchy meve en hin
875 1277 2154 1455 Nu onter tite ce subrtantal. as
899 1330 2475 1554 Guent Clotn y jols: mautre con mate et
890 1397 2303 1633 Pout Tn penime Bat Lambenthre temt.
893 1484 2493 1729 aa rethin au selenss toutit tre Tramaitut
925 1572 2496 1811 Tpext Then en the Vrape. Then Theructers are nhut
995 1799 1407 1925 la Amchou
1602 1761 2163 1901 Te notle intre
875 1843 2140 2047 et par pante ru hoie ttin mpplicd
983 1965 1929 2135 Mi clevorie Re blagre Uñ
890 2035 2253 2237 Thlui attachmente &s the mhtrence, 1he Carte
893 2108 2376 2315 Moi bodz : Vheris the Grred vote chete Mha
928 2207 2256 2415 enc guire, Ma Certaloynt cez propule y
922 2266 2274 2514 frmcfare. Than pespestul vn lin Jes
960 2380 2224 2572 Ua Estati.. Mai heu savond mi
951 2455 2335 2668 invecutome, e le llu rupphenten fela ce
945 2537 2271 2753 ennlhi fir en thus was They ente lh m^
916 2616 2186 2840 te fest a merdeit. The famil
931 2671 2280 2940 Y vous tre Ynieu e les noblu ahro had Us
940 2788 2102 3018 pertonent à pertron ap. Ia The
978 2846 2277 3115 pation vous u Les preme. The hois
980 2910 2396 3202 depended en ha fuoar. tnd pt en no
