2773 3500
677 49 2448 189 me drline cen Contre hheration. Re Grat Eutite had jou
662 142 2460 300 lindrejrent pr tlar Curturce.. ?' Ve lenon had rens
691 239 2303 370 an Lui stoutu trinn atthue baih dour, ou m à
688 285 2516 492 Cempase rheit ne e locoute to Harreci auuti nes.
846 422 1987 583 Cham far troumy al forcrate
983 519 1876 673 biery vo watir en invie
934 638 2209 851 An hen dy hap echathe ehent.
907 755 2320 945 Echot Trom hevene Mii me rent
738 819 2376 1076 Ama as desticelt fa hem te Thelt ont. Nrore
747 915 2218 1163 morcs au fer un. The reciders an borttes U
756 965 2411 1271 que boites That nere chainer ti the eterte en Ua
776 1061 2448 1353 College hetrarcis mon pration in à robler toure
732 1166 2346 1449 Then ver touillin bn L Me htreat paut, in
773 1219 2574 1540 n heterature wen Vhe partesthr Gvettes, etre Lechi
735 1315 2314 1647 Hwas f Tat part Mat ttarriion comparid U
753 1470 1911 1712 Chanannte Govven e the Laezalis
773 1510 2317 1805 Rost mai thé hberabure Urat oclupeed Nu rame
744 1612 2294 1904 hlac en Havrireu mend that The Tliyatethain
785 1656 2451 1989 lcusy en osu mends. bacutre e readens on ses
764 1732 2635 2079 tume veu the hanud men ehe had arccen to tre Col
767 1913 2160 2155 sbaren chou the wtuathe bostes une
785 1936 2475 2251 Chamed le Ne Thelves. &r They soer vobhe neu
773 2003 2568 2353 mamen eete hhe nobles jour auccent ladres ẽ
744 2146 2408 2461 Coint nentaliags rendric he hoty seuiptieres,
796 2272 2235 2537 Len traulabing e cher meus ente ous
875 2450 1690 2645 lurtut a labien fergea
729 2575 1736 2770 4e tit mos len de eut sec
764 2569 2355 2884 M Anen sang her jouge : Te panon Ien
756 2665 2405 2975 phtr de trrotes tacte mes je pr a bachestord le
773 2765 2384 3077 nii dves int nee Aon ctate cohen he toites
811 2902 2349 3152 parh ; he res Heuricus Couchus leguppei
814 3024 2291 3255 Que tonves, Pling, Marlus Cats, lieirs.
