2774 3500
682 81 2552 198 a brvadtheit at Iu, en Cheafesise, a coot bnt qus lan tee atagrdi
702 153 2453 276 Je authier: td à Aronymebe Lar becoe e Clvat mose
713 229 2451 348 ss ns echr veile le cenbial. Ret The olo Anon. vas
698 293 2523 433 hat nothen te cental: hei andieria van tont, Ste jor hei ardeeno
1951 381 2108 431 en Han
710 386 2349 521 The audeena wan en htta ontlraker en hene that
715 455 2462 631 the a loltin lan hame way le never thoiget to prs it
710 684 1939 799 Je voice ppat troke hat ilente was
702 781 2135 927 d le roica hat rans, was hke a bens voic-
725 900 2270 1048 swas hevoice an inon dingine ent o doon.
721 981 2240 1147 Cone ene mant han heard he rong e noter et
745 1081 2205 1232 for i wen lememtered a Catis walten dour.
743 1166 2287 1333 the renjes had hes andeence, Ent he andiena ven
756 1250 2120 1433 20 hW entaverped en hij nane that te
766 1363 2093 1518 Vulver thonjut lo Gere il. he acdiena
762 1436 2155 1617 lork parten te rong. Danl toln n
756 1575 1704 1722 hen vang. et Clabhet, or fithiin
1715 1522 2178 1635 en Ihu haure.
764 1685 1564 1823 helping ont thie vmlaninig
885 1804 1350 1909 he autters rni
1402 1715 2272 1870 hat no hotue, no name;
750 1806 2176 2018 Cnon. 4 caly a voia; witarat howe, wrtte
750 2002 1377 2123 ter w hont odting
1451 1899 2104 2049 Itn Uys helane he
809 1985 2266 2212 Jpuy har comé, à venlnes pon; tesans he loves
776 2119 2116 2302 Citrie he à haryn: à Memly; er merry.
1711 2296 1867 2354 Hyos
1933 2164 2314 2278 belaire tey
780 2236 1912 2381 1ii rongs care cempli; lut rememheres,
1890 2261 1956 2335 Re
1970 2265 2093 2321 No
1939 2294 2281 2380 lnt tonr
785 2337 1857 2479 viert vanbrot tharen the Anttion
1886 2389 2118 2481 Biftrnt
2223 2413 2338 2498 140
783 2416 1861 2588 Lort; a feer, htente a trateta are
1616 2473 2165 2591 Cinon honfene
776 2547 1480 2685 hur lrashourJ4e
2087 2531 2281 2628 Ht 1s
776 2591 1988 2774 Common seuyer. 1s an depteren halid.
2085 2626 2346 2730 42 Can
776 2700 1966 2862 wontmij woman; rometnng mcn-
795 2862 1244 2969 Un hein fosie
1351 2749 2223 2901 neva indoon aliwen ent 9
832 2963 1303 3066 Avan; tering.
1437 2860 2205 3004 Ihe ly the Anon es
