2766 3500
688 91 2390 194 ta lue Lr ta cu ce Vaple, ene ethe la cuyoy ruguy to
702 182 2448 268 lyoy harcij; le lony, ment la amsy te mort dup roopn
706 254 2338 351 a Ue touphest as human uinten ch. Bat lont lnd
713 334 2538 433 lala the sartsont an cuntento a se9- presevations perhapes:
696 418 2285 519 Enly ha nhen ue hit fevoe tior lyetha do wa
317 490 478 567 de lue
377 532 606 610 mate wiy
708 495 2353 610 rrois. Cavre à fuo mate tore na, tva wont, two
408 596 554 692 Aznt
715 567 2388 705 Vrerks. But the Makery schakar itii defies tre
704 653 2268 785 dinotahen vaulia d ip sor en altoants jor
715 723 2266 878 The panson orha soheile even leste tren cruatioin is
725 808 2155 956 in koh. ann peuburen, veuldys, allordng te ver
1491 896 1552 952 te
1587 884 1717 946 Geite
729 875 2334 1036 ie liens le ba cenvestid oino aa po sa corta our
725 931 2503 1137 tenzing tove ytit. No port woud Eule hes hateed g
727 1034 2188 1230 lele ento word aulen he lad a viiled toved ti
700 1123 2203 1328 Pent nten ha prentin pren came enti gestenag
698 1213 2246 1409 a thote ettar forles ahiele orte set eve au
706 1302 2143 1503 Jamelen: 44 puanem 20 well Mat
1060 1460 1149 1508 ber
723 1378 2112 1578 Jopech Coper avea the wuq. -bocks Thenilves:
2061 1489 2538 1596 at hu moment
733 1460 2159 1672 2 len hhe rcaden jborks. beut lould wa
1524 1557 2028 1676 He Could wa
2234 1604 2318 1664 102
708 1633 1427 1753 let ar tontant benal
706 1619 2190 1855 y Lut un ey dome toi l ray he rnen mind
733 1672 2493 1917 rhouid find tike a nebabotes nimtas norroundy the rouy
400 1930 671 2020 à Team 7
731 1808 2013 2020 Inpuentes. et Teamun Utend hem; ta tug
1336 1853 2161 2018 his te phe ecospahn: 1he
725 1963 1324 2096 his clan; his samelz:
744 2074 1001 2170 Cita:.
1085 2063 1346 2129 20 Mart
1386 1934 2238 2094 e rone 20 obure, hat
1808 2049 2085 2113 names
1371 2072 1770 2189 by Antssel
723 2135 1336 2255 ve inhy Calt them
1396 2084 2283 2273 Nij Crot a Vula Then ve
2036 2179 2252 2245 more
737 2212 1346 2339 nen, Crot à Rollh...
1571 2257 1731 2323 do1
1793 2208 2038 2306 More.
1766 2308 2001 2381 Janes.
2083 2238 2332 2321 20 140
715 2294 1519 2430 à liveys at Hirer tartes:
1453 2383 1542 2428 A
1556 2333 1723 2409 fmt
1172 2393 1419 2459 nalome
739 2411 1141 2514 Compler han
300 2365 568 2557 n hn ad
358 2388 656 2592 untntan
461 2479 615 2604 mey
770 2350 2371 2609 Jay is enly lo hu deuloverd neeln prat Strnting.
1536 2580 1598 2634 —
405 2482 673 2686 Enda mnh
708 2607 848 2704 And
900 2574 1386 2685 e Mnt Jun,
434 2517 706 2735 en Cntrer.7
1949 2652 2408 2757 Jla aho wer
764 2541 2592 2796 Cinen deid then en 1476.: hat suat cartur, that
731 2704 1900 2895 pabtug, cheldlike, hat sten tekn-..
754 2864 1412 2992 Laly to audieni.-
2063 2883 2548 2998 who tek n
723 2990 962 3097 And 2
986 2798 2378 3058 seik follon hu fostanes, un ingnt tum to
2145 2957 2592 3085 Harregen hn
741 2969 2026 3186 an ontider. lne Moo Commentator,
1762 3039 1982 3163 Vu1n
776 3097 1758 3278 Uv icich lbont Nen hrot à
815 3301 1011 3377 Pae
1052 3280 1205 3342 1v4
