2780 3500
933 171 2346 243 But as most of these attempts have only added to th
933 278 2367 355 autobigraph of the critic, the reader decides visely
935 385 2293 453 perhaps to keep 8hakepare there not so much as a
935 491 2153 569 book into vhich digging "ill perhaps turn up
933 606 2338 682 something that sets a crown; The better part is to
927 711 1960 785 have him in the mind; un reduced; but
935 824 2145 913 the one writer vho is never completely read.
