2792 3500
928 264 2354 338 the pear shaped lute on which the Queen once played.
928 371 2601 449 The furniyure remains; syiff, ornate, angaulr and uncushioned
928 486 2496 560 Tuere are the very "vardigalls" that raised the preachers
926 602 1112 663 wrath.
1079 703 2091 766 Eli abthan cloth s have had too much
922 810 2385 882 attention from the historival novelst, and too little
924 919 2202 985 from tle psychologist. Nuat desire vas it that
943 1030 2525 1110 prompted this extraodrinady display? There must have been
924 1139 2496 1209 some protest, some desire to affirm something, behind the
926 1252 2338 1314 slashed cloaks; the stiff ruffs; the vrought chains
926 1363 2550 1435 and the loops of pearls. The cost vas great; the discomfort
926 1471 2383 1543 appalling; yet the fashion prevailed. Was it perhaps,
928 1584 2412 1656 the mark of an uannymous, unreorded age to enforce the
926 1693 2406 1765 indivisual; to malce ones ones physical body as bright,
922 1802 2603 1870 as definite, as markked as possible? Fame must be concentratd
926 1913 2496 1977 in the body; since the other kind of fame , the publicity
924 2024 2492 2094 of the paper, of the pimtmrx photogra h, vas d nied them.
924 2133 2496 2203 Did the elqoeunce of dress speak, vhen the art of verbal
924 2238 1628 2306 speech vas stillunformed?
1087 2345 2601 2424 The Elizabethans are silent. There is no little languag
922 2463 2393 2527 nothing brief, intimate, collqouial. Vhen they write
930 2566 2603 2638 the rhytm of the Bible is in their ears. It makes their speeh
924 2675 2410 2749 unfami liar. It is only expressive of certain emotions.
926 2782 2576 2850 Thus vhen Lady Ann Bacon vrites to her son she is a preacher
928 2891 2502 2959 addressing a subordinate. Fear of God and distrust of man
926 3008 2572 3078 surround her as vith the valls of a dungeon. She admonishes;
924 3116 2474 3183 she ehorst. The actual object--it is a baske of mk~rx
