2778 3500
933 90 1003 189 2
939 201 2497 297 enition; and ienowes the old story of the Mat brown maid.
1032 128 1397 230 a An Sun ?̀
954 320 2290 408 Anon is sometimes woman; sometimes man; he is the
945 443 2357 513 cimon volce; Anon goes round the country singine.
1208 382 1981 460 Je vns e beean Jes ha tose
922 533 2427 632 Ro has a very quick eye, connected, for the eye is the
945 644 2340 737 youthful sense, rather with the body than the mind.
945 737 2287 842 anon has no house. Ro lives a roamint out of door
939 857 2147 962 country life, going from village to village,
930 974 2349 1064 storpine a the back door, oftener than at the front,
930 1067 2585 1187 coing alose crasey paths over the hille.sy choscing a vien
933 1201 2588 1295 cerefudly to saut out a chimucy or a bungalwo, we can still
948 1297 2389 1400 Se0, In osome fen, or up on some down, what Anon saw-
951 1411 2433 1499 the bird ha unted red whispering fen; the down covered
942 1502 2349 1610 with burf; and the scar, long healed, over the coun
930 1647 2255 1717 alons which Anon came when he made his journeys.,
933 1735 2465 1825 Re wes garrulous; Looe lipped; taking fron other peoplee
933 1857 2494 1942 mouths here a story, there a stanza. But now and again he
922 1957 2541 2073 ax ne acll it, an artist; thenorde are complete, the sone
939 2070 1193 2161 TIniched.
