2721 3500
797 97 2435 231 2e marz Jean he las hot veen lalen taen zene avte Menlan
797 97 2435 231 2e marz Jean he las hot veen lalen taen zene avte Menlan
803 178 2258 309 er, he lutares hare veen 20 Untar that ene id
803 178 2258 309 er, he lutares hare veen 20 Untar that ene id
816 241 2322 402 sind huij af hie place arhe reeeden deste at no
816 241 2322 402 sind huij af hie place arhe reeeden deste at no
828 316 2326 474 ven Euln endey. 144 17. Hhire en no neid to
828 316 2326 474 ven Euln endey. 144 17. Hhire en no neid to
838 404 2332 544 diiden te Meeat hat prohebation. Ur
838 404 2332 544 diiden te Meeat hat prohebation. Ur
844 474 2473 626 lvald werde al hei ue dhoucd han to renke ento e
844 474 2473 626 lvald werde al hei ue dhoucd han to renke ento e
857 552 2339 713 ney denky leyen gle mend. te be abl lo
857 552 2339 713 ney denky leyen gle mend. te be abl lo
871 630 2260 795 put doan e voeh en hue paper à he
871 630 2260 795 put doan e voeh en hue paper à he
838 707 2275 888 hen. Es dles frec ouilver Entoiily fronm Ru
838 707 2275 888 hen. Es dles frec ouilver Entoiily fronm Ru
824 775 2374 981 Inbrervince o Ua fact. 6o free bantoa pon
824 775 2374 981 Inbrervince o Ua fact. 6o free bantoa pon
820 902 2168 1069 al te npoiteven z antoaten-
820 902 2168 1069 al te npoiteven z antoaten-
824 1011 1956 1158 Me dominmon op eohat is Customara.
824 1011 1956 1158 Me dominmon op eohat is Customara.
818 1063 2263 1250 ton zleis  t ay openly, that Hure n
818 1063 2263 1250 ton zleis  t ay openly, that Hure n
1952 1149 2057 1209 ist
1952 1149 2057 1209 ist
822 1168 1900 1320 nothen dvonr thaa is to 3ip
822 1168 1900 1320 nothen dvonr thaa is to 3ip
816 1197 2444 1423 Ee Here are Aona forles at demiinte, dstont.
816 1197 2444 1423 Ee Here are Aona forles at demiinte, dstont.
814 1322 1964 1497 The peek is bn l is wouldi
814 1322 1964 1497 The peek is bn l is wouldi
830 1462 1423 1575 Vhire Mmans 4
830 1462 1423 1575 Vhire Mmans 4
931 1475 2001 1664 Zit us vag then that tnthen t
931 1475 2001 1664 Zit us vag then that tnthen t
1946 1545 2314 1645 sohrik reeen
1946 1545 2314 1645 sohrik reeen
836 1600 1915 1755 recapture Dome actne upiruna
836 1600 1915 1755 recapture Dome actne upiruna
1834 1637 2312 1732 a ditteveek en
1834 1637 2312 1732 a ditteveek en
2036 1701 2155 1779 old
2036 1701 2155 1779 old
853 1746 914 1831 75
853 1746 914 1831 75
923 1681 1756 1823 han a Conneeten, art
923 1681 1756 1823 han a Conneeten, art
1559 1730 1979 1841 radune Meu
1559 1730 1979 1841 radune Meu
865 1798 1458 1899 wik e shevrene
865 1798 1458 1899 wik e shevrene
1978 1792 2022 1870 4
1978 1792 2022 1870 4
869 1823 1929 1993 borks: to pring hom pontier;
869 1823 1929 1993 borks: to pring hom pontier;
1697 1886 2186 1995 dame motevie.
1697 1886 2186 1995 dame motevie.
877 1942 1668 2063 ba Intejared corte the
877 1942 1668 2063 ba Intejared corte the
1378 2020 1629 2115 Fr Jan
1378 2020 1629 2115 Fr Jan
855 2047 1287 2160 Let ua foget,
855 2047 1287 2160 Let ua foget,
991 2138 1262 2245 shekken
991 2138 1262 2245 shekken
1334 2117 1742 2208 van Hele vem,
1334 2117 1742 2208 van Hele vem,
941 2144 2267 2333 7p nante 18 sele van, ht en take ik
941 2144 2267 2333 7p nante 18 sele van, ht en take ik
842 2216 2221 2432 schen ste ontigtime is athand, doan te
842 2216 2221 2432 schen ste ontigtime is athand, doan te
1388 2376 1554 2469 Vhvre
1388 2376 1554 2469 Vhvre
1589 2308 2265 2434 is a lurioin mek
1589 2308 2265 2434 is a lurioin mek
849 2405 1326 2520 Lendon Buize.
849 2405 1326 2520 Lendon Buize.
884 2360 2312 2599 in tha heur ca wora, s hops, et ne hu,
884 2360 2312 2599 in tha heur ca wora, s hops, et ne hu,
1367 2469 2186 2623 wreden oafratunetg.
1367 2469 2186 2623 wreden oafratunetg.
906 2584 1240 2661 d aho a
906 2584 1240 2661 d aho a
1429 2545 2298 2687 ne wen haih a man prn
1429 2545 2298 2687 ne wen haih a man prn
855 2634 1378 2761 l woman Jon
855 2634 1378 2761 l woman Jon
1752 2646 1972 2730 wen
1752 2646 1972 2730 wen
1250 2661 1705 2792 he Vaoutes
1250 2661 1705 2792 he Vaoutes
875 2733 1168 2829 the Oher
875 2733 1168 2829 the Oher
1225 2691 2296 2871 Hon tore is no deberenhaliu.
1954 2784 2046 2873 24e
1954 2784 2046 2873 24e
902 2817 1124 2940 ujiig
902 2817 1124 2940 ujiig
1225 2691 2296 2871 Hon tore is no deberenhaliu.
954 2821 1847 2990 Ne Weet are diate enoch.
954 2821 1847 2990 Ne Weet are diate enoch.
1266 2852 2250 3041 a quat tusbulut Iwolen
1266 2852 2250 3041 a quat tusbulut Iwolen
941 2973 1227 3081 unes han
941 2973 1227 3081 unes han
1764 2922 2423 3058 hecken rack Jen
1764 2922 2423 3058 hecken rack Jen
1386 2990 1736 3103 Croug are
1386 2990 1736 3103 Croug are
941 3045 1357 3155 Vreau - Re
941 3045 1357 3155 Vreau - Re
1773 3041 2279 3136 Thure à à sour
1773 3041 2279 3136 Thure à à sour
972 3136 1118 3223 he
972 3136 1118 3223 he
1139 3085 1633 3212 ho ld 9 Thifis
1139 3085 1633 3212 ho ld 9 Thifis
