2761 3500
925 163 968 250 m54-9-8
919 262 2337 352 The printing press brought the past into existence.
910 367 2547 478 Et foroucht the present into existence, seen agoanst the back
919 495 2501 580 round of the past. And it brought by degrees the indivual
907 597 2574 702 Into existence--the lwi Iduel who lookine beck sces himself
1424 562 2457 632 the man who is separate from his book.
928 702 2206 787 ecainattne hackgroand. The individuel emerees
922 813 2396 918 at last. Kis name is Rolingehed, it is also &ar ison.
1082 775 1818 851 414 a Chavicle ne Me lztuy
936 933 2413 1020 Tarrison tells us that he has hookrs, and a mastiss.
919 1035 2539 1131 and digs i the ground for Roman coins. Re tells us that ne
922 1149 2542 1245 he nev been more than forty miles fron radwinter in lesex.
922 1245 2536 1347 Tae individual, sti ll much ammalified, but skikk no longer
922 1379 2151 1449 nemeless, emrges. He is losing his ambiguity.
910 1481 2515 1575 The present is becoming visible. Harrison sees the present
925 1580 2317 1677 moment (15 I against the settled orderly past.
913 1697 2340 1802 the present looks degenrate, ran, against that past.
