2773 3500
982 130 1059 202 22
974 229 1913 303 An tis a pretty toy tobe a poet..
976 340 2160 423 So dispended vitn rapture, tne tune changes
980 449 1332 526 effecìvely.
976 563 2592 641 Could he stop, he would cut deeper. But there is no pause;
978 670 2378 742 no shadow. The pâgenat tramples. The horses neigh.
978 779 2564 859 ings and Rmpeors emerge. Battles are fought. Blood floms.
999 890 2457 966 And over this multitidionous splendour broods agedy
1948 943 2576 1022 6s Cb aua h hut
978 1001 2568 1075 nxEkènknkeiitvttne forebode. Ve behold the thing as
978 1108 2648 1191 8pectacle. There is the end to come. Meanwhile, let us boat
976 1217 1328 1289 and triumph.
999 1324 2139 1401 Our souls, whose faculties can comprehend
976 1431 2051 1506 pne wondrous architectire of the world,
980 1534 2127 1619 Ad measure very wandering planets course,
974 1648 2047 1720 Still climbing after kmowlede infimute,
974 1753 2154 1837 And always moving as the restless speeres,
974 1862 2211 1938 ill us to wear ourselves , and never rest...
978 1971 2354 2053 That is the meldy the marchins song of this brave
972 2080 2592 2158 sepctacle. And yet, as if the poet slipped the noose of his
974 2201 2557 2276 8ûiences, releved himself of its pressure for one moment,
972 2310 1213 2372 We hear:
974 2409 1668 2488 amid the so nding brass :
972 2518 2127 2603 nat is beautym saith my sufferings, then?
972 2625 1977 2706 If all the pens that ever poets held
972 2728 2335 2821 Rad fed the feelingsx of their masters " thoughts,
1022 2862 1147 2916 . . . .
972 2951 1934 3027 If these had made one poems riod,
974 3056 2067 3140 And all combined in b auty's morthiness,
976 3163 2267 3249 Yet shoulà there hover in their estless heads
1022 3280 2603 3408 One thought, one maxaxrx grace, one wonder, at the least,
