2770 3500
1023 75 1056 105 —
1009 153 1165 229 Anon.
1011 322 2629 410 comron voie singing out of doors. .e has no house. Re lives
1009 423 2542 523 a roamtne life, crossina the fi lda, moutuing the hills,
1009 544 2622 637 and lyina domn be the hawth rn to llsten to te nihtingale.
1223 649 2470 733 3till, by shutting out a chimey or a bungalou
1009 764 2627 849 e cn see wnat Anon saw-- the bird haunted reed whispering
1032 869 2629 962 fen, tihe down, and the green scar never healed alons which
1005 972 2643 1073 ne came Wlhen he made hls journeys. Re vas a simp le singer,
1001 1081 2678 1174 1iftine a sone or a story f om other peoples lios, and lettin
1005 1191 2511 1285 the autence joln in the chours. Sometimms he made a fem
999 1300 2449 1394 1ines that exactly matchedhis emtoin--he "e an arist.
994 1736 1933 1821 t there is no nemme to that song.
1157 1839 2633 1938 hen at last the nouse mas built, he sung only at the
988 1954 2556 2055 back door. Upstairs hey spike French; his song mas sung
984 2061 2151 2150 4n 3sl sh; andt the vords vere so uncouth
1204 2173 2036 2255 ham for woing al formake
1316 2236 1900 2306 ery no water in more
986 2327 1867 2418 tna t ta y n ed a di tiocnary now.
1361 2448 2087 2525 Ieham f'or woing al formalce
1363 2502 1954 2591 ery no mater in vore
986 2605 2522 2696 to tue llstener then, to armison for ample- i a his
980 2716 2618 2815 p8.8rsonege, tlhey vere not only daleieult. Ther mere painful.
1003 2819 2250 2928 l
2287 2819 2556 2941 6
997 2934 2427 3027 s intelSctuel pedigree meached vace only to Gomer,
997 3039 2351 3134 een, Cheueer. a bore unine and fafty years.
978 3146 2554 3251 0 hev ansces tors le lmat ross the ehanmel. Tas anesstore
995 3266 2410 3389 a
