10652 14204
4761 2248 5456 2477 Letter.
4303 2596 8543 2872 You will complain very Justly that this brittle and
4327 2911 8670 3140 im rfect sketch immamiy~x vith all its exeggerations,
4311 3266 9017 3495 foreshortenings amuxaxmu~iningmkmmmxx gives you notning
4311 3590 8456 3835 f the emotion vhich is presumably to be found in
4319 3890 6032 4119 the bocks themslves.
5274 4190 8480 4458 Here then let us make a transiton from
4295 4553 9175 4774 one kind of reader to another. In order to divezst ourslves
4287 4900 8764 5121 of the attitude vhich Letxus make certain confessions.
4303 5184 8614 5413 In order to do that let us malce certain confessions,
4303 5507 9009 5744 The first is that the critical atttiude pinches the mind.
4311 5855 8472 6099 It is no longer fitting. This is partly due to the
4311 6178 9088 6415 it pinches; it compresses; it puts the mind in whalebones,
4374 6478 8938 6746 1ilke a stays, or picnhes the foot like too tight shoes.
4319 6817 8954 7046 Even to copy accura ely a quotation breaks the st eam of
4319 7165 9080 7386 thought. The need of accuracy is again inimical. In short,
4327 7472 8480 7685 the critic today is is like a in the position of a
4311 7804 8535 8048 body ovhich feels the attraction of many magnets at
4303 8135 6198 8364 one and the same time.
5124 8443 9104 8680 To demagnetise ourlves ve have to shut the bock;
4382 8790 9191 9027 If ve can, let us be aware only of the and to seck if we
4311 9106 9128 9327 can find it a state of mind that is propitious; that state
4311 9477 9199 9682 of mind vhich in vhich it seems possible to us to vrite the
4311 9761 9333 10013 book, not to read it. In that state of mind fu of impresios
4319 10100 9191 10297 incordinated, contradictory, i which so many sneses seem to
4327 10447 9246 10653 talke part; and yet one or to gradually become significant.
4445 10716 9199 10984 Here ve are trying to disover "hat the source of the sunk
4390 11079 8638 11300 impulse. And the didden spring, the gush of water
4311 11394 9104 11639 deep beanth the mud. Whether it holds true universally, or
4374 11726 7240 11962 1f not, the fi t instinct is to be
