2776 3500
885 188 2499 252 This brittle and immperfect sketch with its exggerations and
883 295 2423 369 foreshortenings, is no more than an attempt to point out
885 400 2396 476 St Pauls Nestmisnter Abbey and the ower of London to a
883 519 2449 577 visiotr fqn the co ntry. You vill complai n jystly that it
885 620 2521 700 ti leaves out th e effect of those famous momumtnts upon the
881 738 2386 795 emotions. Thamziaagaxhamimxtmmandmxha To trasnmit that
881 849 2248 911 emot ion let us now attenot a dangerous transiti n;
881 950 1933 1022 from one attitude to another, from the
881 1055 2472 1133 The emotion vhich built them, the emotion which they still
885 1170 2470 1240 transmi t is left out. This sia charge that can be levlled
902 1289 2384 1355 against all criticism. kmtmmx a charge easy enough to
879 1388 2013 1464 EHRisyr Talke as a simple example of the
877 1493 2388 1567 difficulties of transmitting emotion, the ned of making
879 1606 2433 1681 q otation. The page has to be found and the vords copied.
881 1713 2248 1783 The manual act disturbs the st current of thought.
879 1821 2406 1895 The presence of alien bodies is also clearly percebtile.
875 1930 2301 2006 Many people have spent lives in musumes, in order to
877 2041 2060 2113 verify one date. Accuracy then is d manded.
1367 2109 1460 2156 74A4
877 2144 2490 2216 In viem of these obstacles, the trasntion fron the critical
875 2265 2435 2329 attitude to the to private is attende vith great dangers.
879 2368 2466 2444 We have to free ourslves from the imposition of authority
879 2477 2488 2545 the dominion of the customary. In short ve have to tranport
881 2580 2093 2660 ourslves from the critics attutude; to the ff
883 2693 2032 2765 readers, even perhaps to the state of mind
873 2796 1914 2877 is so amorphous that it has no visible
881 2905 1851 2984 the readers; v have to become ours)
