2770 3500
848 235 2402 313 the pace of the speaking voice. They could not enter into
844 340 1349 414 the private "orld.
1029 453 2287 532 Spenser then --" a little man with short hair,
838 565 2402 641 a smell uand and cuffs' standing on the threshold of the
883 672 2328 742 1gay and sumptuous house" at enshurst, vas separate
836 773 2398 851 from Anon the misntre; and from Bolmhshed the Chronicler;
834 884 2408 968 He Was separate too from his adueince. But the book which
836 993 2452 1077 had given him his sepatare existence had brought into being
832 1102 2404 1184 a little group of readers. That audience began at once to
832 1213 2299 1291 exert its pressure. Nhat is the book that will plase
832 1320 2406 1396 my patron Sir Philip Sidmey? Nhat is the theme that will
836 1440 2507 1503 recommend itself to the Queen? At one come into ecistence all
838 1540 2489 1606 those iunnmerable influences that are to tug and distort and
941 1652 2458 1720 thwart; as too they are to stimulate and draw out. The
838 1763 2470 1833 p0et is no lomger a homleesbeing. Re is surro nd̂ed ~~~
1344 1715 2443 1792 4 A anu les., aM-elé, tmua (4 ner-l Ru-d, l,
832 1872 2431 1944 with an atmonsheret Re suhiscte his insoiration to outside
1455 1823 2093 1897 (. — Lesc tdm le u~
838 1975 2316 2057 1nfluences. Some are visible to himself only; others
834 2096 2509 2166 only show thems lves when time has past. They become more and
830 2195 2423 2273 more complex. ~4 the book goes out into a more and more
832 2311 2081 2383 mume rous, a more and more divided audience. 4
834 2411 2458 2490 Seme According to its edueation to its vealth to its pverty
836 2520 2501 2605 theaudi nce begins to demand what it satisfies its omn needs
836 2634 2396 2704 Some need poetry; othars history; othars a story to make
838 2735 2340 2813 them forget the drabness of their lives. The thing that
834 2846 2252 2922 the writer has to say becomes increasingly cumbered.
