2770 3500
945 235 2454 299 for coins. Nhen he vas walleing in ki~ the Arcbishops of
957 340 2482 414 —anterburys garden, " the poor come keocking at the gate
943 451 2534 526 and my man says " Sir, t ere is some one at the gate would
943 558 2431 633 8peak with oyu." So he laid aside his book and went
957 668 2449 735 ut anong the poor. He visited them in their hovels. Te
939 783 2355 853 noted their poverty. Re saw the poor man unable now
947 888 2427 952 to buy a goose, for the great lords were enclosing the
939 995 2484 1075 fields. e went to the great man and found him still in
939 1104 2612 1184 bed, after his munting anf hid hamking. Fe saw the poor sutis
939 1213 2579 1293 vaiting ho after hour in the hall to get their suit herad.
941 1322 2454 1392 These vere the cases that he brought before King Eaward
962 1427 2398 1503 In a voice that sumbles and uses the old language of
939 1536 2501 1611 nis fathers house, ))" they say in my country to the hogs
939 1652 2454 1726 mingle mangle, cum pur, cum pur"--- he brought into the
937 1753 2509 1829 light of day the hiäxexmanrmamtimnxmantmaufixninxaxnfmihx
937 1862 2534 1936 mnmsmnkmmmmeæuæex the harlot going to execution at Newgate
960 1967 2423 2049 and̂ saying as she "ent "that f good fellows had kept
937 2076 2538 2154 touch with her, she had not bin at this time in that case
937 2187 2474 2269 Re saN the curates in their velevet shoes and slippers
933 2294 2343 2372 meet to dance the morris dance. And the fine ladies
933 2397 2608 2477 dressed in vardinaglls "ith their hair puffed out in tussocks
935 2508 2608 2595 He san the yo ng me n given over in th st to gulling drinm is
933 2619 2604 2702 and woring. The young men dice amay their thrift; Instead of
933 2728 2394 2811 shootins with the long ow they their sports are lost
937 2838 2579 2924 turned into bowling, drinming and whoring. Ee And the poor
933 2951 2447 3021 are still going on pilgr mages, sttting un candles and
933 3068 2421 3138 Wirshipping pigs bones. Ne casts the light of the new
935 3157 2497 3233 learnins upon the the old superstitions. Ne too, until he
