2769 3500
1005 287 2409 363 The printine press brought the past into existence.
956 396 2628 462 1t brought into existence the man who is conscious of the pat
954 505 2527 577 the man who sees his time, anzzz against a back ground of
958 608 2601 690 the pas t; the man who firsts sees himself and shows himself
958 731 2578 799 to us. Mnximatnkinsnankinar csrnaræte nrmmxtxedomniey The firs t
952 832 2627 904 b’lom has been aimed at Anon when the authors name is attached
954 933 2568 1007 to the bock. The indivi al emerges. Eis name is Holigshed;
950 1050 2520 1125 his mae is also Rarrison. Harrison emerging from the past
952 1151 2463 1234 tells us that he has a library; that he owns a mastiff;
954 1261 2623 1341 tnat he digs up Roman coins. Aetells us that he has neve ben
946 1372 2438 1454 more than forty miles from adwinter in Essex. Anon is
952 1489 2434 1561 losine his ambiguity. The present is becoming visible.
950 1592 2438 1666 Harrison sees the pamamaxa~ the present agains the
948 1709 2479 1790 settled rerorded past. The present locks degnerate, raw,
950 1812 1454 1893 6ainst that past.
