2748 3500
900 233 2460 301 Upstairs in the great room , as he tells us, 'our ancient
906 340 2250 416 1adies of the court" were to be found reading the
904 455 2401 526 Grecks and the -atins. as they sat at their needlework.
902 556 2380 633 And the sch;ars in the c ege library were reading the
902 665 2302 740 lassics that mere chained to the shlves in the the
902 771 2378 847 college libraries. Ee turned amay from the actors who
900 886 2485 958 even while he dug up voins in his garden "ere acting their
898 1005 2333 1069 crude darams in the marlet place. Mmmasmxuxmmmmant
898 1104 2464 1186 atxxnkmxusstxkuxrxncamununmfmrknnfuenmminmnxedtnx
900 1221 2430 1295 Wemumxmgnagxesrfnnnawannsonmtinimgntx Ye t in spite of
904 1322 2191 1401 the printed book and the new learning, the the
898 1425 2234 1526 comnon people vere still at their lewd practises.
