2281 3500
2111 1303 2199 3161 1t vas h marriage hovever that brought about her
1968 1035 2073 3068 peculiar relation ship vith Johnson. Had she been happy,
1843 1052 1936 3047 she vould never have knomn him as she did. It vas through
1688 1015 1796 3205 him that she got "hat Thrale denied her-- stimulus, society,
1557 1026 1656 3082 an outlet for her irrepressible curiosity and ambition.
1414 1026 1528 3088 But the freindship between the old man and the young vife
1274 1026 1376 3047 vent far depper than Bosvell allowed the vorld to guess.
1149 1052 1239 3088 Johnson vas not merely a distingusihed guest at the dinner
1012 1067 1108 3179 table. "e had the run of th house. He knev th dark passage
877 1050 968 3150 and the cupboards vith their skeletons. Mrs lhrale told him
732 1061 822 3205 all her troubles. She turned to him "hen Queeney smubbed her;
665 1315 752 1589 Thrale
580 1044 676 3077 vhen Mr ~ tock another mistress; vhen ruin threatned
446 1061 548 3018 them; vhen on after another the children fell ill, and
312 1058 399 1283 died.
294 1330 420 3097 "nat shall I do? What can I do? has th flattery
166 1055 271 3117 0f my amxiirtamdxrxaxn freinds made me too proud of my ovn
