2772 3500
1023 114 1066 188 3
1001 221 2565 305 for ever veaving nets and threafing mazes must.relax them
1001 336 2373 421 slves. Tne Queen must have players to divert her.
1003 445 2668 530 7ith all his craft and caution he himself emdoies substantias
999 558 2427 633 his meditations, gives them a body, a name a shape.
1015 663 2616 746 Nay, retire men cannot, when they would; neihter will they
1050 773 2526 861 "hen it "ere Reason: But are impatient of privateness,
1023 876 2505 968 even in Age and Sickesse , Which require the Sa dom:
994 987 2645 1073 Like old Townemen that will still be sitting at their strete
994 1096 2416 1180 d r door , thougm thereby they offer Agre to 3corn."
999 1201 2657 1291 ven tht pressure of great tho ts issues in a concrete shape.
1258 1164 1379 1234 Cuws
995 1312 2558 1398 These short meditations vere themslves makting it possible
992 1423 2381 1501 for the dramatist to fmmort them mhere they seemed
1585 1376 1929 1454 7u4s husessedi
992 1526 2499 1613 i approritae. Rverything when times are aborbent yields
1431 1477 1515 1543 A
994 1639 2464 1724 some savour to the stew. The i responsible mountbanks,
992 1751 2394 1829 clothed in their invisble garment of anonymlty were
990 1855 2122 1936 Gos spies, in the streets, also at Court.
988 1961 2550 2049 If at treenwich or at Vhotehall, one of them caught sight
988 2072 2478 2150 0f that grave inscratbale figure, he could uickly add
988 2181 2495 2267 him to t list of characters. And hyperbole, though the
988 2292 2443 2372 gro nal ngs lusted fot it, required correction. Bacon
990 2401 2233 2492 despsing the thetre for its hyperbole was hel
1227 2354 1326 2420 3a2ts
986 2508 2552 2595 contempt for the stage w medicinal. He was teaching them
990 2617 2361 2706 to speak slowly, closely, subtly; to stiffen their
986 2728 2373 2811 poetry with proset, A great age is like youth in the
988 2833 2464 2920 individual. Any hint is heard. Any voice talces effcet.
986 2949 2550 3019 Criticsm, a grave man frwoning in his corner of the royal
988 3050 2563 3138 boE is affecting the current. And so, as th seasons pass,
1153 2998 1381 3066 e~et p
988 3157 2554 3239 6he aristocratic contempt sevres to restrain; The cabbbed
1066 3276 2565 3385 prose of Bacon is seized and transfomred. The plays are
