2723 3500
474 141 2137 239 prvate Cellen. Hey are reva ranle leay, jenial nataral.
484 217 2326 316 Ma are revert Iuble ta are anhaded. te Camalen à
499 299 2178 414 mar; Mony t fold, Eke hin cae fanal - en Mari
511 388 2219 486 prose. ls dlep an han clotha. mevitables ue
554 470 2026 575 Enlome fanitare dealen erhen ve denele
534 554 1935 657 aper ha farthuzalae ralp; ua basid af
534 604 2275 748 h2 contout, a ree aely the fuoritosre ont pleal a la
529 701 2166 843 pearle. Me rults a fhe jarlen na ale Mrs
521 876 896 978 Bat lnd
560 900 2170 1069 Bat Ue The wla, toafon, he arleit, sehs alv
497 985 2180 1166 pontatid en Mo Hores cnon a plebreca vrli,
525 1085 2123 1254 heblis en the merhoto ue paat ruven.
527 1160 2263 1347 wees ritt te was dehandent en hi andience. Ut was
542 1242 2219 1427 112 was Vell Morepre npalcalen, andepperartalu
575 1388 1359 1512 n El weu simulalid
1396 1285 2536 1462 le hi crmae joed e pren phe
564 1501 805 1621 Ar ty:
914 1394 2314 1573 lerte ayde e palln en e Anly. Has
587 1545 1575 1703 rar wa te mulated ly mnd
581 1676 1200 1818 shekn te war t
620 1800 2032 1993 Roe is nob linposite the pradnhu, thé
651 1911 2038 2090 fuctuataui are fas ut pt pousta.
709 1991 2188 2181 tart poutin is posilte the arnal, ho
1696 2111 1808 2193 145
717 2142 1635 2288 hutne sa suat peol:
711 2193 2077 2407 Aend 20 Themen eviote hn tan Jueen;
725 2313 1857 2512 Cetitiataj ts nal ouen; tut
729 2407 1869 2605 ata destena from hu eal that
729 2590 1186 2698 in Me mnd
1314 2551 1554 2650 puiles.
1608 2438 2419 2619 alucent Gualley en hú
733 2685 1283 2813 mard Une Ege.
