2753 3500
1027 225 2535 311 20y of my lKr chen, a shrued-ri tted boy and prettile ca
1019 336 2663 420 catechizes, but yet an untoward crafty boy.... Be box speddy
1021 445 2404 526 of 8pe ech, not tal sud̂denly, but mhere disctretion
1021 560 2562 637 require th, and that soberly then...Let not Lawson, that
1019 637 2591 746 fox, be acquanited mith my letters. ...  d ~ ta ~ae~~
1046 771 2533 855 Tin e sound of the Bible is in her ears, her prose tales
1073 882 2560 964 1ts solenn pleats; and the prose of the bible will not
1017 989 2655 1077 adapt itself to the natural, to the easy, to the colloquial.
1017 1096 2260 1182 It is a garment to be put on hen the mind is
1019 1207 1583 1285 erect and dignified.
1276 1316 2579 1398 sins then only the prose of tee Bible when they
1015 1419 2424 1505 8peale to each other familiark, the Blizabethans are
1017 1536 2474 1611 idden fromm us. They are never subtle. ~ney are never
1015 1641 2610 1720 shaded. Carnation and snaow; ebony and gold meet on their
1112 1746 2679 1835 aces. Ve-see When he lo0k at them farthibgales and ruffs;
1951 1705 2118 1769 4-4 (ei
1009 1853 2305 1930 yong eodies stiffly sewn into slashed doublets;
1009 1967 2311 2045 youn faces raised on a starched collar; and the
1066 2072 2659 2162 bodies of young momen servi-only to prop a heavy quilted
1011 2191 1982 2255 dress stuck about with huge pearls.
1227 2290 2657 2393 The writer trefore, conscious of his plbeian btrth
1007 2399 2251 2479 hesitated on the threshold of the great room.
1013 2512 2677 2597 Tlawr riter therefore, wo had only lately emerged from anonymk
1007 2617 2439 2698 hesitated on the threshold ot the great room. He mas
1011 2726 2457 2815 now separate from his audience; but he mas after all,
1009 2833 2480 2924 eloesly connected mith it. Re vas still unspecialised,
1826 2790 2002 2862 4u
1005 2941 2546 3023 undifterentiated. The eye vas stimulated by the crimsons
1007 3050 2649 3138 nd golds and greesn of the clothing. by the angles and the
1058 3161 2568 3255 pat terns on the ceiling. The ear too was stimulated and
1007 3218 2433 3303 filled. Books were read aloud; each mord was given
